2722 4612
572 391 775 457 „13-

167 580 314 646 clamatio
349 578 558 656 desideretur,
598 578 632 643 in
661 577 910 644 Phoenissurum
941 580 1060 648 scilicet
1092 577 1185 645 illum

167 685 283 762 locum,
307 682 362 748 ubi
386 683 553 768 Antigono
586 682 626 747 de
650 681 766 746 domus
804 693 886 747 tecto
908 685 1106 770 prospiciens
1128 684 1186 750 ho-

93 848 96 853 .
171 789 269 852 stium
292 808 503 872 permagnum
527 786 702 850 exercitum
725 794 957 872 summucepte
978 788 1188 853 admiratione

166 901 262 974 atque
285 890 415 954 horrore
437 887 538 973 Tydei
561 889 701 976 ingentis
723 888 810 955 illius
834 889 1065 972 fortissimique
1089 888 1187 974 Poly·

168 993 247 1057 uicis
280 993 374 1057 amici
411 991 586 1078 splendidis
630 1014 702 1058 cum
726 992 822 1058 ermis
851 992 1061 1078 ingredientis
1083 991 1188 1058 excle-

169 1108 235 1159 met
257 1095 289 1158 in
314 1117 343 1157 v.
367 1098 447 1163 127:
469 1104 537 1162 ΑΝ.
561 1099 576 1162 ἓ
598 1098 615 1161 l
635 1093 679 1176 ὡς
710 1107 838 1180 γαῦρος,
874 1093 918 1175 ὡς
951 1096 1088 1181 φοβερὸς
1120 1101 1189 1164 elor-

168 1205 231 1266 δεῖν
271 1204 277 1283 Ι
316 1207 436 1282 γίγαντι
465 1204 613 1284 γηγενέτᾳ
634 1200 829 1283 προσόμοιος
880 1200 886 1285 Ι
937 1199 1120 1285 ἀστερωπὸς
1151 1205 1185 1267 ἐν

168 1319 346 1387 γραφαῖσιν,
369 1301 439 1384 οὐχι
461 1301 647 1387 πρόσφορος
688 1300 693 1388 1
733 1300 851 1394 ἁμερίῳ
873 1309 1036 1390 γε’ννᾳθια.
1081 1303 1182 1370 Pute-

71 1453 72 1456 ,
171 1427 244 1469 mus
260 1405 361 1490 igitur
376 1406 437 1471 hoc
458 1410 527 1471 loco
542 1427 600 1490 pro
629 1428 675 1485 eo,
697 1407 783 1490 quod
800 1418 847 1474 est
869 1410 885 1474 t
907 1409 931 1484 ἔ,
952 1410 987 1474 ἔα
1008 1428 1076 1472 esse
1098 1408 1190 1474 resti·

169 1507 334 1587 tuendum,
368 1508 453 1592 quod
490 1509 610 1594 optime
632 1510 666 1573 in
688 1510 749 1575 loci
772 1523 919 1575 naturum
942 1511 1089 1594 quadrat.

254 1610 381 1694 Quibus
404 1611 498 1677 rebus
521 1612 721 1697 pertractetis
743 1613 806 1678 iam
830 1613 922 1678 liceat
945 1614 1035 1679 nobis
1064 1613 1188 1680 adicere

171 1715 232 1778 ulie
254 1719 407 1780 nonnulla
429 1715 652 1800 epil-rhemum,
675 1737 758 1798 quoe
792 1723 829 1781 ut
851 1715 930 1781 haec
951 1738 1077 1801 semper
1097 1716 1189 1782 inve·

172 1819 306 1883 niuntur
326 1818 403 1896 sola,
425 1839 462 1882 ec
484 1819 625 1903 primum
649 1818 778 1902 quidem

655 2005 693 2074 V.

617 2109 734 2188 εὐοῖ,

168 2231 255 2316 quod
285 2253 356 2296 raro
379 2239 503 2296 tontum
536 2229 571 2292 in
605 2227 771 2314 Sophoclis
805 2228 1036 2316 Euripidisque
1069 2243 1188 2317 tragoe-

171 2335 232 2400 diis
246 2334 396 2401 occurrit:
418 2333 505 2418 apud
528 2330 619 2398 illum
644 2330 741 2397 semel
760 2333 793 2396 in
816 2331 930 2399 Truch.
955 2358 984 2401 v.
998 2337 1078 2416 218„
1101 2338 1188 2424 apud

170 2440 256 2504 hunc
279 2436 382 2502 bisin
406 2434 555 2502 Bacchar.
580 2459 609 2500 v.
635 2437 693 2501 141
718 2447 750 2500 et
773 2434 807 2499 in
830 2433 946 2502 Troed.
982 2463 1011 2505 v.
1036 2446 1109 2519 325,
1131 2441 1187 2507 ubi

169 2545 197 2608 ei
210 2542 370 2608 antecedit
384 2539 458 2608 risio
470 2539 586 2604 vocula
604 2539 700 2604 simili
709 2540 850 2606 subiecto
862 2543 997 2608 notione.
1023 2543 1081 2609 Est
1103 2546 1188 2612 enim

171 2647 249 2726 εὐοῖ,
274 2653 309 2711 ut
331 2653 490 2710 testentur
510 2654 630 2709 veteres
653 2644 852 2725 grammatici
866 2646 903 2732 ¹),
930 2648 1082 2730 βακχικὸν
1103 2653 1190 2734 erte·

169 2760 269 2832 θεγμα
288 2750 307 2812 i.
329 2772 355 2815 e.
379 2771 452 2825 vox,
475 2768 573 2832 quem
595 2747 618 2811 ii
630 2744 773 2812 solebant
785 2747 970 2830 exclamare,
991 2753 1047 2835 qui
1062 2751 1189 2820 Boccho

171 2853 231 2917 deo
252 2851 440 2917 inflammati
464 2851 586 2917 laetitia
607 2873 644 2915 ec
667 2856 771 2916 furore
792 2850 987 2918 exultabunt.
1032 2857 1081 2921 Ite
1098 2856 1190 2921 adhi-

172 2954 265 3022 betur
286 2956 319 3020 in
341 2955 396 3021 illo
418 2978 514 3042 quem
538 2954 635 3019 modo
656 2952 873 3038 ascripsimus,
906 2955 1069 3041 Sophoclis
1102 2958 1190 3025 loco:

171 3061 240 3128 εὐοῖ
260 3061 466 3146 ἀναταράσοει
492 3059 525 3140 μ’
549 3057 619 3126 ἰδοὺ
642 3055 661 3124 d
683 3057 790 3139 κισσὸς
811 3065 869 3126 elo.
892 3059 952 3126 Sed
965 3080 1040 3127 cum
1064 3062 1190 3149 hoc'vo·

172 3165 324 3230 eubulum
354 3164 499 3230 nonnulli
533 3164 731 3244 grammatici
770 3162 941 3228 exhibeant
977 3171 1073 3230 acuto
1115 3186 1189 3232 cum

173 3270 357 3354 accentu²)‚
379 3266 620 3334 circumflexum
644 3267 720 3352 poni
743 3265 859 3333 debere
880 3266 973 3332 certis
1006 3266 1113 3333 verbis
1136 3269 1193 3334 do-

173 3385 222 3439 cet
255 3371 416 3438 Arcadius
456 3394 486 3457 p.
512 3377 589 3450 183,
624 3373 673 3444 18,
708 3391 804 3455 quem
839 3370 945 3436 locum
979 3394 1078 3457 supra
1105 3384 1190 3442 attu-

172 3477 268 3542 limus
283 3477 323 3563 ³).

170 3636 373 3654 uun-..nunnam—

198 3773 200 3778 ·
260 3740 293 3824 1)
321 3746 358 3802 cf.
382 3741 482 3798 Herod.
508 3756 551 3813 sp.
575 3739 701 3812 Theogn.
739 3733 811 3810 158,
839 3735 876 3800 19
907 3739 1019 3821 (Lentu.
1036 3743 1079 3812 11,
1103 3737 1189 3826 301).

172 3833 252 3888 Phot.
284 3831 382 3887 Zoner.
406 3847 429 3884 s.
453 3848 478 3885 v.

257 3913 292 3995 2)
320 3926 351 3973 ut
372 3915 464 3985 iidem,
493 3930 564 3992 quos
584 3912 664 3967 modo
686 3912 837 3970 attulimus.

257 4000 291 4074 3)
313 4005 349 4058 of.
373 4010 459 4074 prset.
475 3999 601 4073 Apollon.
625 3997 655 4052 in
677 3997 764 4056 Beki.
778 3999 873 4056 anecd.
897 4018 923 4073 p.
949 3996 1021 4064 588,
1043 3999 1093 4065 26,
1112 4021 1190 4077 prrs-
