2722 4612
606 367 808 433 -16-

197 557 328 626 rationis
370 555 532 622 notionem
559 552 790 642 indignationis
822 553 979 640 quaedam
1009 553 1059 619 vis
1088 555 1218 622 accedit.

198 661 250 729 Ita
270 662 306 726 in
328 658 442 746 Eurip.
465 660 586 725 Aloest.
611 681 639 724 v.
666 661 724 747 285:
751 654 858 726 Θᾶἁ
899 656 905 742 1
942 664 974 723 τί
995 657 1034 725 σὺ
1056 657 1137 742 πρὸς
1167 685 1216 737 με·

199 765 348 850 1ά5ροις;
370 768 403 829 τί
424 762 464 830 σὺ
485 767 558 847 τῇδε
577 772 684 843 πολεῖς
694 763 738 848 1);
762 759 912 848 Corporis
928 759 1067 846 denique
1080 760 1217 828 dolorem

197 867 303 938 dvox
324 865 445 932 indicat
468 865 512 932 eis
534 865 692 952 imprimis
715 864 817 932 tribus
840 865 926 944 locis,
949 863 1005 930 ubi
1028 875 1142 950 quater
1162 887 1217 929 ex·

197 983 253 1050 tat,
275 991 349 1038 eum
372 969 506 1036 eandem
530 967 793 1051 significationem
827 980 934 1055 aperte
966 989 1042 1052 prae
1075 990 1108 1032 se
1136 968 1217 1032 serat

198 1074 357 1157 geminata
389 1075 424 1139 in
440 1073 588 1159 Euripid.
619 1073 716 1139 Rhesi
749 1096 778 1141 v.
801 1074 882 1141 799:
916 1068 975 1139 ἆᾶ
1015 1074 1020 1155 Ι
1060 1070 1158 1155 ὀδύνη
1179 1097 1217 1152 με

200 1185 299 1265 τείρει,
332 1177 455 1262 κούκέτ’
490 1176 650 1263 ὀρθοῦμαι
699 1176 804 1256 τάλας.
859 1175 1088 1261 Exemplorum
1122 1175 1220 1241 huius

199 1287 331 1348 voculae
354 1280 491 1348 notionis
521 1301 634 1361 agmen
657 1278 779 1344 claudit
811 1301 922 1346 versus
952 1279 1065 1365 Eurip.
1089 1278 1220 1365 Cyelop.

203 1386 274 1466 157,
296 1385 352 1451 nbi
375 1381 504 1454 ἆᾶἆᾶ
537 1384 587 1450 vel
625 1379 693 1463 ἆᾶ,
728 1384 815 1468 quod
838 1405 912 1449 oum
936 1382 1106 1449 Diudorfio
1128 1383 1218 1448 exhi·

200 1489 364 1575 buerimus
386 1510 445 1574 pro
468 1488 586 1554 codicis
608 1485 628 1554 ἆ
649 1494 697 1553 ter
713 1487 828 1573 posito,
850 1510 981 1573 prorsus
1003 1486 1038 1552 in
1060 1487 1219 1552 diversam

199 1592 361 1659 notionem
384 1594 508 1672 transit,
531 1615 605 1658 oum
629 1589 757 1655 Silenus
780 1611 817 1656 ea
839 1590 1080 1657 delectationem
1105 1594 1219 1675 volup-

203 1705 366 1780 tatemque
388 1707 516 1780 captam
540 1717 579 1761 ex
604 1693 709 1760 Ulixis
728 1694 805 1759 vino
828 1695 994 1781 exprimat.

309 1798 349 1862 In
383 1797 570 1866 universum
603 1796 717 1864 deinde
751 1796 896 1862 similiter
928 1808 1024 1880 atque
1045 1801 1104 1863 hoo
1127 1819 1217 1864 usur·

200 1911 299 1988 patur

675 2087 750 2157 Vll.

286 2211 322 2277 ἔα
344 2208 535 2296 epirrhema‚
557 2210 645 2296 quod

287 2314 319 2397 1)
342 2317 532 2399 plerumque
553 2317 651 2378 semel
674 2324 710 2378 ut
742 2311 775 2375 in
804 2310 917 2398 Eurip.
945 2311 1060 2398 Suppl.
1084 2336 1114 2382 v.
1137 2315 1220 2381 395:

203 2418 247 2484 ἔα·
272 2416 378 2499 λόγων
400 2425 446 2496 τίς
470 2417 618 2497 ἐμποδὼν
645 2415 694 2486 ὅδ’
719 2418 838 2500 ἔρχεται
851 2418 896 2501 2);

291 2522 325 2603 2)
348 2531 419 2585 tum
441 2519 603 2585 nonnullis
625 2518 702 2586 locis
726 2518 774 2584 bis
809 2518 997 2587 collocatum
1031 2533 1067 2588 ut
1095 2523 1128 2587 in
1151 2522 1220 2589 Eu-

202 2624 264 2710 rip.
302 2622 461 2692 Heracliti.
496 2646 525 2693 v.
548 2626 605 2691 73:
640 2634 707 2692 XO.
724 2626 758 2690 do
778 2626 832 2690 ἐά·
855 2631 902 2702 τίς
924 2621 943 2709 ἡ
964 2624 1025 2710 βοὴ
1038 2633 1152 2707 βωμοῦ
1172 2631 1222 2693 κε’-

203 2736 261 2808 λας
300 2725 306 2814 Ι
346 2729 453 2813 ἕστηκε
469 2727 521 2812 ὖ);
543 2749 741 2814 quamquam
774 2738 806 2792 et
828 2727 935 2814 ipsum
958 2728 1131 2796 adhibetur
1151 2729 1217 2809 μετ’

204 2831 383 2916 ἐκπλήξεως
404 2832 426 2896 i.
449 2853 474 2899 e.
497 2833 626 2898 terroris
644 2840 740 2917 atque
763 2833 891 2918 angoris
914 2854 989 2899 oum
1011 2835 1153 2911 notione,
1176 2847 1224 2898 tn-

207 2956 280 3002 men
313 2955 377 3001 non
399 2957 531 3020 prorsus
553 2938 638 3003 idem
662 2934 745 3002 valet
788 2948 885 3022 atque
916 2938 960 3017 id,
995 2937 1083 3022 quod
1118 2949 1165 3005 est
1193 2938 1221 3007 ἆ.

204 3037 288 3106 Nam
310 3059 385 3105 oum
408 3039 442 3105 iu
463 3045 522 3106 hou
543 3040 584 3106 ad
620 3041 749 3107 terroris
771 3042 935 3106 notionem
957 3041 1225 3127 παρακελεύσεως,

204 3153 241 3209 ut
265 3165 363 3230 supra
398 3144 609 3223 ostendimus,
630 3130 773 3222 accedat,
795 3140 836 3208 ab
859 3141 912 3209 illa
934 3142 1007 3209 tulis
1040 3143 1231 3232 significatio

214 3245 385 3333 discrepat.
430 3246 523 3330 Quae
544 3247 723 3314 differentia
734 3248 797 3313 iam
810 3245 885 3313 inde
900 3248 1040 3333 aliquem
1053 3247 1085 3311 in
1097 3247 1228 3314 modum

212 3418 414 3434 m

295 3523 327 3609 1)
348 3531 386 3588 ef.
410 3540 497 3606 praet.
518 3532 601 3606 Soph.
628 3531 697 3590 Oed.
719 3532 790 3605 Tyr.
811 3553 837 3596 v.
864 3524 953 3594 1147.
1008 3531 1102 3607 Eurip.
1133 3533 1233 3593 Helen.

210 3635 243 3677 v·
260 3609 332 3784 44251
351 3705 386 3766 ef.
408 3714 495 3778 praet.
524 3704 618 3779 Eurip.
640 3706 741 3766 Helen.
762 3725 788 3764 v.
813 3701 907 3765 1177.
949 3706 1037 3768 Eleot.
1051 3702 1123 3767 558.
1147 3705 1230 3770 Here.

209 3790 263 3847 sur.
290 3786 380 3850 1088.
425 3790 536 3865 Hippoi.
556 3787 649 3854 1391.
683 3793 744 3865 Iph.
768 3791 831 3849 Aul.
853 3789 943 3855 1132.
981 3792 1066 3850 Rhea.
1090 3788 1151 3849 573
1174 3801 1229 3849 ste.

296 3869 331 3955 3)
355 3875 439 3934 simil.
458 3879 542 3950 Soph.
566 3878 635 3935 Oed.
658 3878 721 3936 col.
745 3897 770 3936 v.
800 3875 889 3935 1479.
946 3872 1140 3954 Euripidem.
1177 3879 1228 3940 fur.

210 3957 282 4021 815.
327 3963 385 4021 Ion.
412 3959 482 4020 153.
508 3959 578 4026 170.
608 3965 691 4022 Rhea.
715 3962 791 4032 674.
810 3973 863 4026 sto.
