2722 4612
595 398 786 463 ...12-

176 583 209 650 in
232 585 326 672 Soph.
355 585 453 653 lllsot.
476 609 527 650 vv.
553 589 719 663 trunto.
766 586 877 672 llurip.
910 584 1023 651 Helen.
1046 605 1096 650 vv.
1118 584 1193 659 661,-

178 689 251 767 662,
277 695 346 758 166.
395 690 489 754 lllect.
518 693 587 756 150.
633 689 848 775 Supplic.85.
875 691 965 757 1074.
1010 683 1190 770 Iph.Taur.

181 793 252 859 147.
295 791 409 859 Trond.
434 795 502 860 168.
525 795 596 858 278.
623 795 712 860 1216.
739 796 829 860 1308.
856 794 948 869 1318,
971 813 1045 856 cum
1075 787 1192 852 avinis

177 908 352 981 usurpetur
374 898 407 962 in
430 893 528 981 Soph.
553 896 666 963 Traeh.
702 919 754 963 vv.
792 897 880 964 1004.
917 895 1008 961 1014.
1046 894 1135 961 1025.
1159 889 1192 952 lu

177 996 290 1084 Eurip.
315 999 438 1066 Alcest.
461 1023 517 1072 vv.
538 1003 609 1068 874.
634 1001 706 1066 890.
736 1000 831 1065 Here.
855 1004 915 1062 fur.
939 1019 968 1060 v.
995 998 1085 1063 1025.
1110 992 1193 1078 Hip·

178 1106 239 1185 pol.
266 1105 358 1171 1354.
381 1102 541 1186 Quacum
564 1105 721 1170 sententia
743 1105 782 1169 de
803 1098 1077 1184 onomatopoe'tica
1098 1094 1196 1160 huius

177 1205 268 1270 vocis
291 1207 324 1272 vi
348 1215 471 1274 tantum
495 1206 594 1281 abest,
621 1218 655 1272 ut
677 1207 857 1293 discrepent
888 1204 934 1269 illi
968 1201 1038 1278 loci,
1066 1198 1123 1264 ubi
1145 1201 1198 1264 rt

178 1312 314 1376 alterum
337 1311 560 1396 anaphonema
581 1311 738 1396 sequitur,
766 1323 803 1377 ut
824 1331 894 1375 eam
918 1306 1087 1372 videantur·
1108 1324 1194 1366 com·

179 1412 337 1479 mendara.
389 1415 427 1481 In
451 1415 502 1480 his
523 1415 605 1480 enim
630 1415 666 1493 is,
700 1414 755 1498 qui
800 1413 872 1478 llere
909 1422 1005 1494 atque
1046 1405 1195 1489 ingemis-

179 1534 251 1582 cere
270 1515 400 1604 incepit,
437 1518 544 1584 dolore
566 1530 661 1584 auoto
683 1518 718 1582 in
750 1518 819 1582 illas
855 1512 1098 1581 exclamationes
1121 1531 1194 1594 pro·

178 1618 309 1705 rumpit.
340 1619 503 1688 Nonnulla
525 1623 663 1706 denique
684 1619 852 1686 adicienda
874 1629 951 1684 sunt
973 1617 1012 1682 de
1037 1613 1194 1680 Dindorfii

178 1724 342 1802 sententia,
364 1725 476 1809 quill
494 1727 686 1811 scripturam
709 1747 727 1788 a
749 1721 914 1788 codicibus
938 1721 1018 1786 miro
1039 1739 1195 1785 consensu

179 1826 328 1891 traditam
352 1849 391 1893 ne
412 1827 446 1893 in
469 1850 533 1894 uno
554 1827 686 1913 quidem
709 1827 778 1892 loco
802 1826 925 1902 retinet,
948 1825 1003 1890 sed
1026 1843 1197 1907 eampror-

179 1950 234 1993 sus
256 1951 274 1993 e
295 1937 444 1996 contextu
467 1931 556 1996 reicit
574 1943 630 1997 aut
652 1932 685 2017 ἐή
706 1949 763 1997 aut
795 1937 859 1997 αἰαῖ
872 1927 1027 2014 recipiens
1041 1928 1076 2012 ¹).
1100 1923 1197 2007 Quod

182 2054 216 2097 se
238 2032 349 2098 fecisse
372 2054 435 2099 non
457 2056 516 2098 suo
538 2033 668 2099 arbitrio
693 2033 869 2120 profitetur,
906 2032 960 2097 sed
995 2029 1097 2115 poetis
1119 2027 1198 2111 ipsis

180 2133 387 2204 iubentibus:
411 2135 536 2203 nullum
560 2139 643 2203 enim
678 2145 785 2202 extare
818 2135 1010 2221 exemplum,
1048 2131 1102 2197 ubi
1132 2149 1198 2192 me-

180 2247 263 2301 trum
299 2240 520 2323 pyrrhichium
559 2247 748 2328 postuletur.
805 2240 910 2322 Quam
951 2231 1199 2304 animadversio·

179 2362 251 2405 nem
289 2365 352 2406 non
386 2366 454 2409 osse
488 2345 683 2432 probandam
728 2356 836 2429 postea
869 2341 1082 2416 ostendemus,
1125 2358 1199 2401 eum

181 2445 219 2510 tle
253 2446 418 2531 prosodiae
454 2449 610 2534 matrique
647 2447 773 2534 legibus
811 2471 952 2528 agemus,
986 2447 1047 2510 hoe
1076 2444 1144 2508 loeo
1167 2440 1199 2504 id

180 2550 320 2616 sufficiat
352 2561 519 2619 annotasse
552 2559 632 2619 hano
665 2553 812 2618 voculam
849 2553 908 2617 hae
945 2552 977 2616 in
1016 2571 1049 2614 re
1071 2547 1201 2611 liberius

182 2655 330 2739 usurpari
363 2656 425 2721 iam
450 2680 488 2721 ex
511 2658 787 2742 onomatopodtiea
821 2655 890 2721 eins
923 2665 1038 2718 natura
1060 2651 1199 2734 aliquam

180 2758 212 2820 in
235 2768 358 2843 partem
381 2776 496 2845 patere.
521 2759 633 2845 Neque
654 2761 708 2825 illa
730 2763 763 2846 ἐή
788 2783 859 2836 vox,
881 2780 978 2842 quam
1011 2752 1200 2820 Dindorfius

186 2861 323 2926 metricis
346 2862 415 2928 istis
439 2864 478 2928 de
501 2865 606 2930 causis
640 2864 779 2941 exhibet,
808 2864 840 2928 in
875 2867 956 2927 hano
988 2859 1082 2925 fletus
1104 2864 1201 2939 atque

181 2964 344 3048 singultus
366 2966 630 3052 significationem
656 2969 757 3053 magis
769 2969 897 3032 videtur
911 2965 1078 3050 quadrare.
1104 2961 1201 3024 Porro

182 3068 310 3132 veroid
334 3081 380 3134 est
403 3068 637 3136 observandum
662 3073 778 3137 rrrirum
802 3091 998 3136 eseearorern
1022 3071 1037 3133 ’ὲ
1059 3069 1075 3132 ἒ
1095 3063 1202 3128 lectio·

184 3193 266 3247 nem,
288 3193 385 3255 quam
410 3173 462 3238 hie
486 3174 534 3238 vir
556 3174 669 3239 doctus
693 3175 887 3261 tragicorum
919 3171 1042 3237 codices
1065 3170 1108 3233 ita
1132 3188 1202 3251 per·

183 3275 301 3340 vasisse
324 3275 411 3351 dicit,
436 3290 471 3342 ut
494 3300 533 3343 ne
556 3300 657 3343 unum
680 3279 811 3362 quidem
831 3277 972 3363 supersit
983 3286 1084 3340 rectae
1097 3293 1203 3337 exem·

183 3381 271 3462 plum
296 3380 472 3463 scripturae
507 3382 549 3466 ἐή,
583 3383 768 3467 praesertim
803 3403 877 3446 oum
914 3379 959 3443 illi
995 3375 1203 3456 grammatici,

182 3503 265 3566 quos
287 3505 386 3569 supra
406 3485 584 3563 attulimus,
615 3487 698 3551 hane
730 3486 878 3551 codicum
912 3483 1104 3567 scripturam
1127 3501 1201 3544 con·

183 3584 319 3650 firment.
363 3586 477 3653 Unum
500 3589 637 3673 deniqne
660 3600 785 3654 tantum
808 3587 842 3652 in
865 3587 970 3651 locum
985 3584 1057 3650 tulis
1091 3603 1203 3647 sensus

183 3689 314 3754 omnino
338 3711 401 3755 non
424 3691 552 3758 videtur
574 3714 641 3757 esse
663 3699 769 3777 aptus,
793 3711 866 3756 eum
880 3689 1007 3755 terroris
1030 3687 1138 3772 potius
1149 3705 1203 3748 ex·

250 3914 282 3998 l)
305 3921 341 3978 cf.
372 3924 458 3996 praes.
483 3924 526 3981 sd.
548 3914 1001 3997 snehyl.ed.1.ipaann.1857
1022 3934 1049 3990 p.
1073 3914 1202 3980 XXXII,

186 4012 216 4060 at
237 4007 324 4079 praei.
349 4008 468 4083 sdpoot.
487 4026 560 4068 seen.
583 4027 611 4084 p.
634 4010 663 4066 X
681 4002 790 4089 (annot.
805 4007 839 4062 ed
862 4005 961 4063 Aaron.
983 4003 1074 4060 Prom.
1094 4019 1120 4058 r.
1138 3995 1205 4075 65).
