2722 4612
232 1497 264 1563 Si
277 1510 444 1582 poetarum
467 1493 665 1560 Graecorum
688 1495 866 1580 tragoedias
889 1492 1070 1560 accuratius
1092 1513 1165 1577 pera

148 1613 339 1682 scrutamur,
373 1604 568 1683 corruptelas
601 1598 677 1662 istas
711 1599 916 1681 mundasque,
951 1619 1029 1680 quas
1063 1608 1109 1660 tot
1132 1598 1165 1659 in
1220 1658 1222 1663 .

148 1704 234 1768 locos
267 1725 376 1768 earum
406 1702 570 1786 irrepsisse
595 1701 685 1765 vaide
707 1701 862 1779 dolemus,
884 1709 922 1765 ul
944 1721 1165 1765 removeamus

148 1806 260 1870 dantes
282 1827 421 1890 operam,
444 1804 529 1867 haud
554 1803 598 1866 ila
628 1824 697 1866 raro
722 1825 777 1866 nos
800 1815 946 1867 exercent
969 1803 1041 1868 illae
1064 1803 1166 1866 excla-

151 1909 313 1985 mationes,
350 1929 432 1990 quae
456 1907 546 1970 toties
569 1904 731 1969 adhibitae
754 1928 772 1967 a
796 1904 956 1969 veteribus
979 1907 1080 1990 poetis
1103 1918 1166 1970 tra·

147 2012 228 2095 gicis'
245 2011 350 2074 varios
372 2009 557 2094 exprimunt
579 2008 677 2072 animi
701 2007 843 2072 aflectus.
889 2007 970 2071 Nam
994 2028 1068 2072 cum
1091 2009 1169 2074 haec

148 2114 360 2199 epirrhemata
393 2118 548 2194 usurpata
581 2131 654 2173 cum
688 2109 930 2173 condicionibus
953 2111 1111 2177 similibus
1125 2113 1168 2175 si-

150 2216 237 2280 milia
269 2237 363 2299 saepe
396 2215 566 2278 videantur
600 2213 776 2293 significare
800 2235 939 2296 cumque
963 2215 1087 2279 codices
1109 2237 1167 2299 pro

150 2320 261 2384 talium
286 2339 400 2382 vocum
425 2333 538 2380 natura
561 2317 799 2399 incertamque
822 2317 1040 2382 commutabili
1053 2339 1168 2401 parum

151 2421 210 2486 sibi
244 2433 391 2486 constent
425 2420 535 2484 multis
559 2420 590 2480 in
615 2418 691 2483 locis
714 2419 928 2502 ineptissimos
952 2441 1073 2484 errores
1096 2440 1169 2504 pro-

152 2530 297 2600 ferentes,
320 2545 413 2607 saepe
436 2523 563 2586 videtur
586 2521 720 2585 dubium
747 2522 795 2585 vel
818 2523 849 2585 in
873 2524 1058 2589 universum
1081 2522 1166 2605 quod

150 2627 331 2712 epirrhema
354 2613 444 2691 tauto
472 2649 511 2690 ox
534 2647 667 2690 numero
691 2627 731 2689 sit
743 2626 938 2709 ponendum,
961 2626 1011 2690 vel
1023 2648 1087 2708 qua
1099 2647 1170 2710 spe-

153 2730 200 2794 cie
211 2730 372 2802 indutum,
387 2728 436 2792 vel
449 2730 596 2811 quotiens
617 2728 788 2812 repetitum
801 2735 851 2792 vel
864 2741 973 2793 utrum
987 2750 1118 2813 prorsus
1130 2728 1171 2792 sit

153 2832 516 2898 econtextuverboruru
541 2832 734 2896 reiciendum
762 2854 869 2895 necne.
915 2832 1060 2904 Accedit,
1083 2831 1170 2913 quod

150 2934 184 3002 in
207 2938 349 3011 canticis,
376 2937 415 3000 de
438 2936 557 3019 quibus
579 2935 750 3019 praecipue
773 2935 924 2998 nimirum
948 2946 996 2999 est
1018 2934 1172 3015 quaestio,

151 3039 229 3103 tales
252 3039 496 3103 exclamationes
522 3043 564 3100 ita
583 3059 811 3122 saepenumero
823 3059 855 3100 se
867 3043 1014 3114 offerunt,
1036 3037 1172 3100 uadiffi-

151 3142 269 3206 oillime
280 3143 313 3205 in
330 3143 515 3225 rhythmum
528 3140 710 3217 iniciuntur,
732 3141 810 3222 quin
825 3142 918 3204 etiam
933 3141 1018 3205 haud
1041 3141 1086 3204 ita
1103 3162 1172 3205 raro

152 3244 277 3311 nullum
288 3247 417 3309 omnino
431 3253 568 3310 metrum
580 3244 749 3308 videantur
760 3244 860 3326 sequi.
879 3243 1007 3325 Quibus
1019 3243 1058 3306 de
1069 3243 1174 3307 causis

153 3371 217 3413 non
251 3349 380 3412 videtur
402 3350 559 3431 ineptum,
591 3347 772 3411 accuratius
795 3345 892 3430 paulo
921 3346 952 3408 in
988 3369 1041 3409 eas
1069 3345 1175 3430 inqui·

155 3472 231 3527 rere,
264 3472 353 3514 curua
373 3473 423 3514 res
445 3450 602 3532 quasdam
615 3472 692 3512 nse
706 3449 874 3533 indagasse
897 3447 987 3511 nobis
1011 3448 1177 3512 videamur

152 3553 193 3617 ad
227 3573 335 3618 earum
371 3567 516 3617 naturam
541 3553 703 3628 incertam,
734 3561 772 3614 ut
795 3552 931 3626 videtur,
954 3550 1176 3614 illustrandam

153 3657 294 3723 idoneas.
342 3657 380 3719 lu
403 3661 460 3719 hac
483 3678 558 3718 vero
581 3655 800 3720 dissertatione
813 3653 858 3717 eis
877 3661 1002 3718 lantum
1024 3654 1179 3738 exemplis

155 3756 248 3825 liceat
282 3759 340 3835 uti,
376 3780 459 3840 quae
481 3757 667 3843 collegimus
696 3780 735 3822 ex
759 3756 927 3841 Sophoclis
950 3756 1181 3842 Euripidisquc

158 3861 289 3940 fabulis,
315 3883 390 3926 cum
413 3883 496 3945 quac
518 3861 550 3924 in
574 3859 725 3943 Aeschyli
749 3860 918 3940 tragoediis
941 3859 1179 3926 enucleavimus

158 3965 220 4032 alic
247 3964 316 4029 loco
339 3964 463 4031 adicere
486 3962 578 4030 nobis
601 3964 634 4028 in
657 3964 765 4028 animo
787 3963 836 4028 sit.
932 3994 934 3999 ·
