<?xml version="1.0" encoding="UTF-8"?>
<!DOCTYPE html PUBLIC "-//W3C//DTD XHTML 1.0 Transitional//EN"
    "http://www.w3.org/TR/xhtml1/DTD/xhtml1-transitional.dtd">
<html xmlns="http://www.w3.org/1999/xhtml" xml:lang="en" lang="en">
 <head>
  <title>
</title>
<meta http-equiv="Content-Type" content="text/html;charset=utf-8" />
  <meta name='ocr-system' content='tesseract 3.04.00' />
  <meta name='ocr-capabilities' content='ocr_page ocr_carea ocr_par ocr_line ocrx_word'/>
</head>
<body>
  <div class='ocr_page' id='page_1' title='image "./deinteriectionu00mlgoog_0019.png"; bbox 0 0 2722 4612; ppageno 0'>
   <div class='ocr_carea' id='block_1_1' title="bbox 584 373 782 437">
    <p class='ocr_par' dir='ltr' id='par_1_1' title="bbox 584 373 782 437">
     <span class='ocr_line' id='line_1_1' title="bbox 584 373 782 437; baseline -0.005 -19"><span class='ocrx_word' id='word_1_1' title='bbox 584 373 782 437; x_wconf 68' lang='lat'>-14-</span> 
     </span>
    </p>
   </div>
   <div class='ocr_carea' id='block_1_2' title="bbox 1177 555 1188 581">
    <p class='ocr_par' dir='ltr' id='par_1_2' title="bbox 1177 555 1188 581">
     <span class='ocr_line' id='line_1_2' title="bbox 1177 555 1188 581; baseline 0 0"><span class='ocrx_word' id='word_1_2' title='bbox 1177 555 1188 581; x_wconf 77' lang='lat'>5</span> 
     </span>
    </p>
   </div>
   <div class='ocr_carea' id='block_1_3' title="bbox 170 555 1191 745">
    <p class='ocr_par' dir='ltr' id='par_1_3' title="bbox 170 555 1191 745">
     <span class='ocr_line' id='line_1_3' title="bbox 212 555 1191 643; baseline -0.002 -17"><span class='ocrx_word' id='word_1_3' title='bbox 212 561 281 626; x_wconf 91' lang='lat' dir='ltr'>Iam</span> <span class='ocrx_word' id='word_1_4' title='bbox 304 568 484 643; x_wconf 88' lang='lat' dir='ltr'>sequuntur</span> <span class='ocrx_word' id='word_1_5' title='bbox 504 557 625 624; x_wconf 83' lang='lat' dir='ltr'>eisdam</span> <span class='ocrx_word' id='word_1_6' title='bbox 636 555 791 624; x_wconf 85' lang='lat' dir='ltr'>adhibitis</span> <span class='ocrx_word' id='word_1_7' title='bbox 813 580 892 627; x_wconf 91' lang='lat' dir='ltr'>usus</span> <span class='ocrx_word' id='word_1_8' title='bbox 906 556 1150 629; x_wconf 83' lang='lat' dir='ltr'><strong>condicionibus</strong></span> <span class='ocrx_word' id='word_1_9' title='bbox 1171 585 1191 624; x_wconf 89' lang='grc' dir='ltr'>α</span> 
     </span>
     <span class='ocr_line' id='line_1_4' title="bbox 170 661 797 745; baseline -0.002 -19"><span class='ocrx_word' id='word_1_10' title='bbox 170 672 203 726; x_wconf 84' lang='lat' dir='ltr'>et</span> <span class='ocrx_word' id='word_1_11' title='bbox 224 665 259 730; x_wconf 77' lang='grc' dir='ltr'>ἔα</span> <span class='ocrx_word' id='word_1_12' title='bbox 280 661 526 740; x_wconf 85' lang='lat' dir='ltr'>interiectiones,</span> <span class='ocrx_word' id='word_1_13' title='bbox 547 682 686 745; x_wconf 86' lang='lat' dir='ltr'>quarum</span> <span class='ocrx_word' id='word_1_14' title='bbox 709 661 797 745; x_wconf 88' lang='lat' dir='ltr'>prior</span> 
     </span>
    </p>
   </div>
   <div class='ocr_carea' id='block_1_4' title="bbox 167 847 1191 2394">
    <p class='ocr_par' dir='ltr' id='par_1_4' title="bbox 206 847 701 1033">
     <span class='ocr_line' id='line_1_5' title="bbox 643 847 701 915; baseline -0.069 0"><span class='ocrx_word' id='word_1_15' title='bbox 643 847 701 915; x_wconf 91' lang='lat' dir='ltr'>VI.</span> 
     </span>
     <span class='ocr_line' id='line_1_6' title="bbox 206 951 690 1033; baseline -0.002 -13"><span class='ocrx_word' id='word_1_16' title='bbox 206 1025 209 1033; x_wconf 68' lang='grc'>,</span> <span class='ocrx_word' id='word_1_17' title='bbox 670 951 690 1019; x_wconf 82' lang='grc' dir='ltr'><strong>ἆ</strong></span> 
     </span>
    </p>

    <p class='ocr_par' dir='ltr' id='par_1_5' title="bbox 169 1072 1185 1263">
     <span class='ocr_line' id='line_1_7' title="bbox 257 1072 1185 1160; baseline -0.002 -17"><span class='ocrx_word' id='word_1_18' title='bbox 257 1077 290 1151; x_wconf 72' lang='lat' dir='ltr'>l)</span> <span class='ocrx_word' id='word_1_19' title='bbox 313 1085 370 1139; x_wconf 86' lang='lat' dir='ltr'>aut</span> <span class='ocrx_word' id='word_1_20' title='bbox 392 1079 487 1139; x_wconf 88' lang='lat' dir='ltr'>semel</span> <span class='ocrx_word' id='word_1_21' title='bbox 508 1074 650 1160; x_wconf 83' lang='lat' dir='ltr'>ponitur,</span> <span class='ocrx_word' id='word_1_22' title='bbox 673 1075 765 1139; x_wconf 90' lang='lat' dir='ltr'>utin</span> <span class='ocrx_word' id='word_1_23' title='bbox 789 1073 904 1158; x_wconf 82' lang='lat' dir='ltr'>Eurip.</span> <span class='ocrx_word' id='word_1_24' title='bbox 923 1072 1043 1137; x_wconf 85' lang='lat' dir='ltr'>Alcest.</span> <span class='ocrx_word' id='word_1_25' title='bbox 1067 1096 1095 1140; x_wconf 92' lang='lat' dir='ltr'>v.</span> <span class='ocrx_word' id='word_1_26' title='bbox 1109 1077 1185 1142; x_wconf 79' lang='lat'><strong>526:</strong></span> 
     </span>
     <span class='ocr_line' id='line_1_8' title="bbox 169 1174 1062 1263; baseline 0 -17"><span class='ocrx_word' id='word_1_27' title='bbox 169 1189 235 1246; x_wconf 86' lang='grc' dir='ltr'>ΗΡ.</span> <span class='ocrx_word' id='word_1_28' title='bbox 259 1174 288 1255; x_wconf 84' lang='grc' dir='ltr'>ἆ,</span> <span class='ocrx_word' id='word_1_29' title='bbox 311 1178 356 1263; x_wconf 77' lang='grc' dir='ltr'>μή</span> <span class='ocrx_word' id='word_1_30' title='bbox 380 1176 525 1262; x_wconf 71' lang='grc' dir='ltr'><strong><em>πρόκλαί</em></strong></span> <span class='ocrx_word' id='word_1_31' title='bbox 542 1178 673 1254; x_wconf 82' lang='grc' dir='ltr'><strong><em>ἄκοιτιν,</em></strong></span> <span class='ocrx_word' id='word_1_32' title='bbox 696 1183 738 1256; x_wconf 80' lang='grc' dir='ltr'>εἰς</span> <span class='ocrx_word' id='word_1_33' title='bbox 760 1174 827 1242; x_wconf 77' lang='grc' dir='ltr'><strong><em>τότ’</em></strong></span> <span class='ocrx_word' id='word_1_34' title='bbox 848 1174 1012 1255; x_wconf 72' lang='grc' dir='ltr'><strong><em>ἀναβαλοῦ</em></strong></span> <span class='ocrx_word' id='word_1_35' title='bbox 1027 1177 1062 1261; x_wconf 68' lang='lat'>¹).</span> 
     </span>
    </p>

    <p class='ocr_par' dir='ltr' id='par_1_6' title="bbox 167 1278 1190 1572">
     <span class='ocr_line' id='line_1_9' title="bbox 254 1278 1190 1367; baseline -0.006 -17"><span class='ocrx_word' id='word_1_36' title='bbox 254 1281 289 1367; x_wconf 81' lang='lat'>2)</span> <span class='ocrx_word' id='word_1_37' title='bbox 311 1292 368 1348; x_wconf 87' lang='lat' dir='ltr'>aut</span> <span class='ocrx_word' id='word_1_38' title='bbox 397 1279 455 1359; x_wconf 89' lang='lat' dir='ltr'>bis,</span> <span class='ocrx_word' id='word_1_39' title='bbox 487 1301 524 1345; x_wconf 87' lang='lat' dir='ltr'>ac</span> <span class='ocrx_word' id='word_1_40' title='bbox 556 1278 747 1364; x_wconf 84' lang='lat' dir='ltr'>plerumque</span> <span class='ocrx_word' id='word_1_41' title='bbox 781 1279 923 1363; x_wconf 89' lang='lat' dir='ltr'>quidem,</span> <span class='ocrx_word' id='word_1_42' title='bbox 954 1280 1000 1344; x_wconf 89' lang='lat' dir='ltr'>ita</span> <span class='ocrx_word' id='word_1_43' title='bbox 1022 1279 1054 1343; x_wconf 91' lang='lat' dir='ltr'>in</span> <span class='ocrx_word' id='word_1_44' title='bbox 1079 1278 1190 1364; x_wconf 82' lang='lat' dir='ltr'>Eurip.</span> 
     </span>
     <span class='ocr_line' id='line_1_10' title="bbox 169 1381 1190 1467; baseline -0.001 -18"><span class='ocrx_word' id='word_1_45' title='bbox 169 1383 298 1453; x_wconf 83' lang='lat' dir='ltr'>Hecub.</span> <span class='ocrx_word' id='word_1_46' title='bbox 320 1407 350 1449; x_wconf 89' lang='lat' dir='ltr'>v.</span> <span class='ocrx_word' id='word_1_47' title='bbox 377 1384 472 1451; x_wconf 81' lang='lat'>1069:</span> <span class='ocrx_word' id='word_1_48' title='bbox 495 1381 557 1452; x_wconf 85' lang='grc' dir='ltr'><strong>ἆᾶ</strong></span> <span class='ocrx_word' id='word_1_49' title='bbox 598 1386 604 1467; x_wconf 95' lang='grc' dir='ltr'>Ι</span> <span class='ocrx_word' id='word_1_50' title='bbox 644 1392 733 1466; x_wconf 81' lang='grc' dir='ltr'><strong><em>σίγα·</em></strong></span> <span class='ocrx_word' id='word_1_51' title='bbox 756 1381 899 1465; x_wconf 81' lang='grc' dir='ltr'><strong><em>κρυπτὰν</em></strong></span> <span class='ocrx_word' id='word_1_52' title='bbox 920 1383 1013 1463; x_wconf 81' lang='grc' dir='ltr'><em>βάσιν</em></span> <span class='ocrx_word' id='word_1_53' title='bbox 1044 1382 1190 1450; x_wconf 75' lang='grc' dir='ltr'><strong><em>αἰσθάνο-</em></strong></span> 
     </span>
     <span class='ocr_line' id='line_1_11' title="bbox 167 1488 343 1572; baseline -0.017 -17"><span class='ocrx_word' id='word_1_54' title='bbox 167 1514 223 1567; x_wconf 81' lang='grc' dir='ltr'>μαι</span> <span class='ocrx_word' id='word_1_55' title='bbox 245 1488 343 1572; x_wconf 53' lang='lat' dir='ltr'>otest)</span> 
     </span>
    </p>

    <p class='ocr_par' dir='ltr' id='par_1_7' title="bbox 167 1588 1191 2394">
     <span class='ocr_line' id='line_1_12' title="bbox 254 1588 1191 1677; baseline -0.004 -21"><span class='ocrx_word' id='word_1_56' title='bbox 254 1591 289 1677; x_wconf 80' lang='lat'>3)</span> <span class='ocrx_word' id='word_1_57' title='bbox 311 1602 369 1656; x_wconf 87' lang='lat' dir='ltr'>aut</span> <span class='ocrx_word' id='word_1_58' title='bbox 390 1602 503 1677; x_wconf 87' lang='lat' dir='ltr'>qnater</span> <span class='ocrx_word' id='word_1_59' title='bbox 524 1590 688 1677; x_wconf 82' lang='lat' dir='ltr'>repetitur.</span> <span class='ocrx_word' id='word_1_60' title='bbox 733 1588 838 1671; x_wconf 79' lang='lat' dir='ltr'>Quem</span> <span class='ocrx_word' id='word_1_61' title='bbox 861 1588 1048 1654; x_wconf 89' lang='lat' dir='ltr'>vocularum</span> <span class='ocrx_word' id='word_1_62' title='bbox 1079 1609 1191 1653; x_wconf 88' lang='lat' dir='ltr'>nume·</span> 
     </span>
     <span class='ocr_line' id='line_1_13' title="bbox 168 1691 1189 1779; baseline -0.003 -21"><span class='ocrx_word' id='word_1_63' title='bbox 168 1715 241 1760; x_wconf 87' lang='lat' dir='ltr'>rum</span> <span class='ocrx_word' id='word_1_64' title='bbox 263 1693 297 1758; x_wconf 91' lang='lat' dir='ltr'>in</span> <span class='ocrx_word' id='word_1_65' title='bbox 319 1694 369 1770; x_wconf 87' lang='lat' dir='ltr'>iis,</span> <span class='ocrx_word' id='word_1_66' title='bbox 393 1693 574 1778; x_wconf 88' lang='lat' dir='ltr'>dequibus</span> <span class='ocrx_word' id='word_1_67' title='bbox 597 1693 738 1779; x_wconf 82' lang='lat' dir='ltr'><strong>agimus,</strong></span> <span class='ocrx_word' id='word_1_68' title='bbox 758 1691 876 1757; x_wconf 86' lang='lat' dir='ltr'>fabulis</span> <span class='ocrx_word' id='word_1_69' title='bbox 909 1705 974 1757; x_wconf 88' lang='lat' dir='ltr'>tres</span> <span class='ocrx_word' id='word_1_70' title='bbox 997 1691 1100 1757; x_wconf 91' lang='lat' dir='ltr'>solum</span> <span class='ocrx_word' id='word_1_71' title='bbox 1129 1691 1189 1756; x_wconf 87' lang='lat' dir='ltr'>loci</span> 
     </span>
     <span class='ocr_line' id='line_1_14' title="bbox 169 1793 1187 1882; baseline -0.003 -21"><span class='ocrx_word' id='word_1_72' title='bbox 169 1795 332 1882; x_wconf 82' lang='lat' dir='ltr'>praebent,</span> <span class='ocrx_word' id='word_1_73' title='bbox 354 1818 371 1861; x_wconf 90' lang='lat' dir='ltr'>e</span> <span class='ocrx_word' id='word_1_74' title='bbox 394 1796 513 1881; x_wconf 90' lang='lat' dir='ltr'>quibus</span> <span class='ocrx_word' id='word_1_75' title='bbox 536 1798 602 1862; x_wconf 88' lang='lat' dir='ltr'>duc</span> <span class='ocrx_word' id='word_1_76' title='bbox 624 1795 716 1881; x_wconf 84' lang='lat' dir='ltr'>petiti</span> <span class='ocrx_word' id='word_1_77' title='bbox 742 1817 782 1859; x_wconf 85' lang='lat' dir='ltr'>ex</span> <span class='ocrx_word' id='word_1_78' title='bbox 811 1793 978 1880; x_wconf 82' lang='lat' dir='ltr'>Sophoclis</span> <span class='ocrx_word' id='word_1_79' title='bbox 1007 1794 1187 1860; x_wconf 69' lang='lat' dir='ltr'>Philocteta</span> 
     </span>
     <span class='ocr_line' id='line_1_15' title="bbox 167 1897 1187 1983; baseline -0.003 -20"><span class='ocrx_word' id='word_1_80' title='bbox 167 1921 220 1963; x_wconf 88' lang='lat' dir='ltr'>vv.</span> <span class='ocrx_word' id='word_1_81' title='bbox 243 1899 309 1964; x_wconf 83' lang='lat' dir='ltr'>scil.</span> <span class='ocrx_word' id='word_1_82' title='bbox 333 1902 395 1968; x_wconf 74' lang='lat'>732</span> <span class='ocrx_word' id='word_1_83' title='bbox 418 1911 449 1965; x_wconf 87' lang='lat' dir='ltr'>et</span> <span class='ocrx_word' id='word_1_84' title='bbox 473 1901 537 1965; x_wconf 79' lang='lat'>738</span> <span class='ocrx_word' id='word_1_85' title='bbox 559 1901 592 1964; x_wconf 91' lang='lat' dir='ltr'>in</span> <span class='ocrx_word' id='word_1_86' title='bbox 616 1898 724 1963; x_wconf 87' lang='lat' dir='ltr'>codice</span> <span class='ocrx_word' id='word_1_87' title='bbox 746 1897 868 1982; x_wconf 88' lang='lat' dir='ltr'>optimo</span> <span class='ocrx_word' id='word_1_88' title='bbox 885 1897 1187 1983; x_wconf 86' lang='lat' dir='ltr'>Laaprimamanu</span> 
     </span>
     <span class='ocr_line' id='line_1_16' title="bbox 169 1998 1189 2086; baseline 0 -23"><span class='ocrx_word' id='word_1_89' title='bbox 169 1998 259 2064; x_wconf 92' lang='lat' dir='ltr'>binas</span> <span class='ocrx_word' id='word_1_90' title='bbox 282 2000 314 2063; x_wconf 89' lang='lat' dir='ltr'>in</span> <span class='ocrx_word' id='word_1_91' title='bbox 338 2023 436 2066; x_wconf 87' lang='lat' dir='ltr'>unam</span> <span class='ocrx_word' id='word_1_92' title='bbox 459 2023 570 2067; x_wconf 89' lang='lat' dir='ltr'>vocem</span> <span class='ocrx_word' id='word_1_93' title='bbox 594 2000 764 2084; x_wconf 79' lang='lat' dir='ltr'>discriptas</span> <span class='ocrx_word' id='word_1_94' title='bbox 794 2000 940 2086; x_wconf 82' lang='lat' dir='ltr'>neglecto</span> <span class='ocrx_word' id='word_1_95' title='bbox 964 2012 1000 2065; x_wconf 89' lang='lat' dir='ltr'>ut</span> <span class='ocrx_word' id='word_1_96' title='bbox 1022 2022 1115 2085; x_wconf 84' lang='lat' dir='ltr'>saepe</span> <span class='ocrx_word' id='word_1_97' title='bbox 1137 2022 1189 2063; x_wconf 88' lang='lat' dir='ltr'>ac-</span> 
     </span>
     <span class='ocr_line' id='line_1_17' title="bbox 170 2102 1188 2188; baseline -0.002 -20"><span class='ocrx_word' id='word_1_98' title='bbox 170 2114 264 2168; x_wconf 82' lang='lat' dir='ltr'>centu</span> <span class='ocrx_word' id='word_1_99' title='bbox 288 2102 439 2180; x_wconf 83' lang='lat' dir='ltr'>offerunt,</span> <span class='ocrx_word' id='word_1_100' title='bbox 462 2125 544 2187; x_wconf 86' lang='lat' dir='ltr'>quae</span> <span class='ocrx_word' id='word_1_101' title='bbox 567 2104 727 2188; x_wconf 87' lang='lat' dir='ltr'>scriptura</span> <span class='ocrx_word' id='word_1_102' title='bbox 761 2114 871 2187; x_wconf 89' lang='lat' dir='ltr'>postea</span> <span class='ocrx_word' id='word_1_103' title='bbox 899 2102 940 2167; x_wconf 88' lang='lat' dir='ltr'>ab</span> <span class='ocrx_word' id='word_1_104' title='bbox 970 2103 1069 2168; x_wconf 87' lang='lat' dir='ltr'>altera</span> <span class='ocrx_word' id='word_1_105' title='bbox 1092 2125 1188 2166; x_wconf 87' lang='lat' dir='ltr'>manu</span> 
     </span>
     <span class='ocr_line' id='line_1_18' title="bbox 168 2201 1186 2285; baseline -0.002 -15"><span class='ocrx_word' id='word_1_106' title='bbox 168 2214 311 2272; x_wconf 77' lang='lat' dir='ltr'>comecta</span> <span class='ocrx_word' id='word_1_107' title='bbox 325 2201 476 2273; x_wconf 73' lang='grc' dir='ltr'><strong>θεὶᾶἆᾶἆ</strong></span> <span class='ocrx_word' id='word_1_108' title='bbox 497 2207 665 2285; x_wconf 79' lang='lat' dir='ltr'>scribente,</span> <span class='ocrx_word' id='word_1_109' title='bbox 684 2227 759 2271; x_wconf 91' lang='lat' dir='ltr'>cum</span> <span class='ocrx_word' id='word_1_110' title='bbox 781 2206 1006 2284; x_wconf 85' lang='lat' dir='ltr'>interticloco,</span> <span class='ocrx_word' id='word_1_111' title='bbox 1029 2208 1062 2271; x_wconf 92' lang='lat' dir='ltr'>in</span> <span class='ocrx_word' id='word_1_112' title='bbox 1087 2205 1186 2270; x_wconf 82' lang='lat' dir='ltr'>Rhesi</span> 
     </span>
     <span class='ocr_line' id='line_1_19' title="bbox 169 2307 1187 2394; baseline -0.001 -20"><span class='ocrx_word' id='word_1_113' title='bbox 169 2307 367 2394; x_wconf 82' lang='lat' dir='ltr'>Euripidcae</span> <span class='ocrx_word' id='word_1_114' title='bbox 396 2309 807 2376; x_wconf 76' lang='lat' dir='ltr'>v.749haecleori0s01a</span> <span class='ocrx_word' id='word_1_115' title='bbox 839 2309 1034 2377; x_wconf 83' lang='lat' dir='ltr'>exhibeatur.</span> <span class='ocrx_word' id='word_1_116' title='bbox 1079 2308 1187 2391; x_wconf 80' lang='lat' dir='ltr'>Quae-</span> 
     </span>
    </p>
   </div>
   <div class='ocr_carea' id='block_1_5' title="bbox 135 2411 1270 3123">
    <p class='ocr_par' dir='ltr' id='par_1_8' title="bbox 135 2411 1270 3123">
     <span class='ocr_line' id='line_1_20' title="bbox 168 2411 1187 2498; baseline -0.001 -22"><span class='ocrx_word' id='word_1_117' title='bbox 168 2411 250 2477; x_wconf 82' lang='lat' dir='ltr'>ritur</span> <span class='ocrx_word' id='word_1_118' title='bbox 271 2413 382 2498; x_wconf 83' lang='lat' dir='ltr'>igitur,</span> <span class='ocrx_word' id='word_1_119' title='bbox 405 2435 489 2496; x_wconf 89' lang='lat' dir='ltr'>quae</span> <span class='ocrx_word' id='word_1_120' title='bbox 511 2411 672 2478; x_wconf 90' lang='lat' dir='ltr'>scribendi</span> <span class='ocrx_word' id='word_1_121' title='bbox 697 2412 777 2477; x_wconf 86' lang='lat' dir='ltr'>ratio</span> <span class='ocrx_word' id='word_1_122' title='bbox 802 2412 940 2478; x_wconf 88' lang='lat' dir='ltr'>maxime</span> <span class='ocrx_word' id='word_1_123' title='bbox 962 2413 1187 2497; x_wconf 80' lang='lat' dir='ltr'>sitprobanda.</span> 
     </span>
     <span class='ocr_line' id='line_1_21' title="bbox 169 2512 1184 2603; baseline -0.001 -23"><span class='ocrx_word' id='word_1_124' title='bbox 169 2512 235 2580; x_wconf 87' lang='lat' dir='ltr'>Sed</span> <span class='ocrx_word' id='word_1_125' title='bbox 258 2536 332 2581; x_wconf 89' lang='lat' dir='ltr'>cum</span> <span class='ocrx_word' id='word_1_126' title='bbox 355 2515 505 2595; x_wconf 89' lang='lat' dir='ltr'>omnibns</span> <span class='ocrx_word' id='word_1_127' title='bbox 528 2516 561 2580; x_wconf 92' lang='lat' dir='ltr'>in</span> <span class='ocrx_word' id='word_1_128' title='bbox 585 2515 752 2603; x_wconf 78' lang='lat' dir='ltr'>Euripidis</span> <span class='ocrx_word' id='word_1_129' title='bbox 775 2517 931 2593; x_wconf 86' lang='lat' dir='ltr'>versibus,</span> <span class='ocrx_word' id='word_1_130' title='bbox 955 2517 1009 2581; x_wconf 91' lang='lat' dir='ltr'>ubi</span> <span class='ocrx_word' id='word_1_131' title='bbox 1032 2516 1110 2580; x_wconf 89' lang='lat' dir='ltr'>hacc</span> <span class='ocrx_word' id='word_1_132' title='bbox 1132 2537 1184 2580; x_wconf 84' lang='lat' dir='ltr'>cx·</span> 
     </span>
     <span class='ocr_line' id='line_1_22' title="bbox 135 2617 1187 2704; baseline -0.001 -22"><span class='ocrx_word' id='word_1_133' title='bbox 135 2621 137 2626; x_wconf 64' lang='grc'><strong>“</strong></span> <span class='ocrx_word' id='word_1_134' title='bbox 169 2617 317 2684; x_wconf 84' lang='lat' dir='ltr'>clamatio</span> <span class='ocrx_word' id='word_1_135' title='bbox 351 2619 504 2698; x_wconf 81' lang='lat' dir='ltr'>iteratur,</span> <span class='ocrx_word' id='word_1_136' title='bbox 544 2627 682 2686; x_wconf 85' lang='lat' dir='ltr'>secretae</span> <span class='ocrx_word' id='word_1_137' title='bbox 716 2618 860 2704; x_wconf 83' lang='lat' dir='ltr'>singulae</span> <span class='ocrx_word' id='word_1_138' title='bbox 893 2620 1016 2684; x_wconf 87' lang='lat' dir='ltr'>litterae</span> <span class='ocrx_word' id='word_1_139' title='bbox 1048 2643 1067 2683; x_wconf 93' lang='lat' dir='ltr'>a</span> <span class='ocrx_word' id='word_1_140' title='bbox 1100 2619 1187 2683; x_wconf 92' lang='lat' dir='ltr'>codi-</span> 
     </span>
     <span class='ocr_line' id='line_1_23' title="bbox 167 2713 1270 2806; baseline 0.003 -21"><span class='ocrx_word' id='word_1_141' title='bbox 167 2719 260 2786; x_wconf 87' lang='lat' dir='ltr'>cibus</span> <span class='ocrx_word' id='word_1_142' title='bbox 298 2713 476 2802; x_wconf 72' lang='lat' dir='ltr'>tradantur,</span> <span class='ocrx_word' id='word_1_143' title='bbox 511 2743 651 2806; x_wconf 89' lang='lat' dir='ltr'>cumque</span> <span class='ocrx_word' id='word_1_144' title='bbox 698 2723 898 2805; x_wconf 80' lang='lat' dir='ltr'>grammatici</span> <span class='ocrx_word' id='word_1_145' title='bbox 932 2733 1052 2788; x_wconf 87' lang='lat' dir='ltr'>veteres</span> <span class='ocrx_word' id='word_1_146' title='bbox 1081 2722 1121 2786; x_wconf 90' lang='lat' dir='ltr'>dc</span> <span class='ocrx_word' id='word_1_147' title='bbox 1148 2721 1188 2799; x_wconf 81' lang='grc' dir='ltr'>ἀᾱ</span> <span class='ocrx_word' id='word_1_148' title='bbox 1267 2787 1270 2794; x_wconf 90' lang='grc'><em>,</em></span> 
     </span>
     <span class='ocr_line' id='line_1_24' title="bbox 168 2822 1188 2915; baseline -0.002 -25"><span class='ocrx_word' id='word_1_149' title='bbox 168 2824 330 2910; x_wconf 86' lang='lat' dir='ltr'>scriptura</span> <span class='ocrx_word' id='word_1_150' title='bbox 352 2835 488 2902; x_wconf 86' lang='lat' dir='ltr'>taceant,</span> <span class='ocrx_word' id='word_1_151' title='bbox 510 2838 542 2894; x_wconf 87' lang='lat' dir='ltr'>et</span> <span class='ocrx_word' id='word_1_152' title='bbox 565 2848 637 2891; x_wconf 91' lang='lat' dir='ltr'>cum</span> <span class='ocrx_word' id='word_1_153' title='bbox 662 2828 790 2915; x_wconf 81' lang='lat' dir='ltr'>tertium</span> <span class='ocrx_word' id='word_1_154' title='bbox 814 2822 834 2893; x_wconf 87' lang='grc' dir='ltr'><strong>ἆ</strong></span> <span class='ocrx_word' id='word_1_155' title='bbox 854 2848 918 2890; x_wconf 89' lang='lat' dir='ltr'>vox</span> <span class='ocrx_word' id='word_1_156' title='bbox 957 2825 1055 2890; x_wconf 87' lang='lat' dir='ltr'>semel</span> <span class='ocrx_word' id='word_1_157' title='bbox 1084 2826 1188 2910; x_wconf 90' lang='lat' dir='ltr'>posita</span> 
     </span>
     <span class='ocr_line' id='line_1_25' title="bbox 168 2927 1187 3004; baseline -0.005 -9"><span class='ocrx_word' id='word_1_158' title='bbox 168 2950 203 2995; x_wconf 85' lang='lat' dir='ltr'>rc</span> <span class='ocrx_word' id='word_1_159' title='bbox 237 2951 313 2995; x_wconf 88' lang='lat' dir='ltr'>vera</span> <span class='ocrx_word' id='word_1_160' title='bbox 348 2927 460 2994; x_wconf 88' lang='lat' dir='ltr'>multis</span> <span class='ocrx_word' id='word_1_161' title='bbox 483 2930 517 2994; x_wconf 93' lang='lat' dir='ltr'>in</span> <span class='ocrx_word' id='word_1_162' title='bbox 549 2929 627 2996; x_wconf 91' lang='lat' dir='ltr'>locis</span> <span class='ocrx_word' id='word_1_163' title='bbox 667 2941 806 2999; x_wconf 83' lang='lat' dir='ltr'>occurat,</span> <span class='ocrx_word' id='word_1_164' title='bbox 838 2930 925 2994; x_wconf 85' lang='lat' dir='ltr'>illam</span> <span class='ocrx_word' id='word_1_165' title='bbox 948 2927 1187 3004; x_wconf 65' lang='lat' dir='ltr'>conlectionem,</span> 
     </span>
     <span class='ocr_line' id='line_1_26' title="bbox 167 3032 1189 3123; baseline -0.001 -26"><span class='ocrx_word' id='word_1_166' title='bbox 167 3055 269 3123; x_wconf 83' lang='lat' dir='ltr'>qnam</span> <span class='ocrx_word' id='word_1_167' title='bbox 292 3032 482 3099; x_wconf 83' lang='lat' dir='ltr'>Dindorfine</span> <span class='ocrx_word' id='word_1_168' title='bbox 505 3033 650 3100; x_wconf 91' lang='lat' dir='ltr'>similiter</span> <span class='ocrx_word' id='word_1_169' title='bbox 672 3045 768 3117; x_wconf 86' lang='lat' dir='ltr'>atquc</span> <span class='ocrx_word' id='word_1_170' title='bbox 797 3041 864 3100; x_wconf 78' lang='grc' dir='ltr'><strong><em>αἰαῖ</em></strong></span> <span class='ocrx_word' id='word_1_171' title='bbox 894 3034 1090 3119; x_wconf 81' lang='lat' dir='ltr'>probandam</span> <span class='ocrx_word' id='word_1_172' title='bbox 1115 3054 1189 3113; x_wconf 81' lang='lat' dir='ltr'>cen·</span> 
     </span>
    </p>
   </div>
   <div class='ocr_carea' id='block_1_6' title="bbox 166 3258 1191 3927">
    <p class='ocr_par' dir='ltr' id='par_1_9' title="bbox 166 3258 1191 3509">
     <span class='ocr_line' id='line_1_27' title="bbox 166 3258 1187 3342; baseline 0.005 -24"><span class='ocrx_word' id='word_1_173' title='bbox 166 3272 243 3321; x_wconf 83' lang='lat' dir='ltr'>terea</span> <span class='ocrx_word' id='word_1_174' title='bbox 265 3266 300 3322; x_wconf 88' lang='lat' dir='ltr'>de</span> <span class='ocrx_word' id='word_1_175' title='bbox 323 3265 403 3321; x_wconf 85' lang='lat' dir='ltr'>huius</span> <span class='ocrx_word' id='word_1_176' title='bbox 425 3262 500 3321; x_wconf 88' lang='lat' dir='ltr'>vocis</span> <span class='ocrx_word' id='word_1_177' title='bbox 522 3264 762 3338; x_wconf 80' lang='lat' dir='ltr'>intercepiratione</span> <span class='ocrx_word' id='word_1_178' title='bbox 783 3265 886 3322; x_wconf 84' lang='lat' dir='ltr'>Herod.</span> <span class='ocrx_word' id='word_1_179' title='bbox 908 3265 927 3320; x_wconf 92' lang='grc'>1.</span> <span class='ocrx_word' id='word_1_180' title='bbox 950 3281 975 3320; x_wconf 88' lang='lat' dir='ltr'>c.</span> <span class='ocrx_word' id='word_1_181' title='bbox 1010 3266 1118 3333; x_wconf 86' lang='lat' dir='ltr'>(annot.</span> <span class='ocrx_word' id='word_1_182' title='bbox 1144 3258 1187 3342; x_wconf 86' lang='grc'>1.)</span> 
     </span>
     <span class='ocr_line' id='line_1_28' title="bbox 167 3346 1191 3423; baseline -0.003 -15"><span class='ocrx_word' id='word_1_183' title='bbox 167 3351 259 3408; x_wconf 85' lang='lat' dir='ltr'>Schol.</span> <span class='ocrx_word' id='word_1_184' title='bbox 284 3351 312 3406; x_wconf 94' lang='lat' dir='ltr'>in</span> <span class='ocrx_word' id='word_1_185' title='bbox 336 3351 449 3422; x_wconf 87' lang='lat' dir='ltr'>Dionys.</span> <span class='ocrx_word' id='word_1_186' title='bbox 473 3367 587 3423; x_wconf 86' lang='lat' dir='ltr'>gramm.</span> <span class='ocrx_word' id='word_1_187' title='bbox 611 3350 640 3406; x_wconf 91' lang='lat' dir='ltr'>in</span> <span class='ocrx_word' id='word_1_188' title='bbox 672 3352 760 3408; x_wconf 82' lang='lat' dir='ltr'>Bekk.</span> <span class='ocrx_word' id='word_1_189' title='bbox 786 3353 879 3407; x_wconf 88' lang='lat' dir='ltr'>anecd.</span> <span class='ocrx_word' id='word_1_190' title='bbox 898 3368 932 3423; x_wconf 89' lang='lat' dir='ltr'>p.</span> <span class='ocrx_word' id='word_1_191' title='bbox 957 3346 1090 3422; x_wconf 83' lang='lat'>951,19.</span> <span class='ocrx_word' id='word_1_192' title='bbox 1114 3350 1191 3421; x_wconf 49' lang='lat' dir='ltr'>Hor&lt;</span> 
     </span>
     <span class='ocr_line' id='line_1_29' title="bbox 168 3433 1188 3509; baseline -0.002 -18"><span class='ocrx_word' id='word_1_193' title='bbox 168 3446 273 3509; x_wconf 89' lang='lat' dir='ltr'>pocrat.</span> <span class='ocrx_word' id='word_1_194' title='bbox 297 3438 356 3495; x_wconf 82' lang='lat' dir='ltr'>eod.</span> <span class='ocrx_word' id='word_1_195' title='bbox 386 3438 438 3492; x_wconf 89' lang='lat' dir='ltr'>loc.</span> <span class='ocrx_word' id='word_1_196' title='bbox 461 3456 491 3509; x_wconf 90' lang='lat' dir='ltr'>p.</span> <span class='ocrx_word' id='word_1_197' title='bbox 516 3433 567 3506; x_wconf 85' lang='lat'>89,</span> <span class='ocrx_word' id='word_1_198' title='bbox 594 3434 640 3498; x_wconf 85' lang='lat'>13.</span> <span class='ocrx_word' id='word_1_199' title='bbox 665 3437 755 3509; x_wconf 78' lang='lat' dir='ltr'>Etym.</span> <span class='ocrx_word' id='word_1_200' title='bbox 787 3439 881 3509; x_wconf 83' lang='lat' dir='ltr'>Magn.</span> <span class='ocrx_word' id='word_1_201' title='bbox 905 3456 931 3508; x_wconf 92' lang='lat' dir='ltr'>p.</span> <span class='ocrx_word' id='word_1_202' title='bbox 957 3433 1029 3507; x_wconf 85' lang='lat'>391,</span> <span class='ocrx_word' id='word_1_203' title='bbox 1054 3434 1100 3492; x_wconf 81' lang='grc'>12.</span> <span class='ocrx_word' id='word_1_204' title='bbox 1148 3433 1188 3500; x_wconf 55' lang='lat' dir='ltr'>iffi</span> 
     </span>
    </p>

    <p class='ocr_par' dir='ltr' id='par_1_10' title="bbox 166 3516 1185 3680">
     <span class='ocr_line' id='line_1_30' title="bbox 254 3516 1185 3601; baseline 0 -24"><span class='ocrx_word' id='word_1_205' title='bbox 254 3516 287 3601; x_wconf 89' lang='lat' dir='ltr'>l)</span> <span class='ocrx_word' id='word_1_206' title='bbox 308 3528 345 3581; x_wconf 84' lang='lat' dir='ltr'>ci.</span> <span class='ocrx_word' id='word_1_207' title='bbox 368 3531 454 3596; x_wconf 84' lang='lat' dir='ltr'>praet.</span> <span class='ocrx_word' id='word_1_208' title='bbox 478 3522 562 3595; x_wconf 87' lang='lat' dir='ltr'>Soph.</span> <span class='ocrx_word' id='word_1_209' title='bbox 586 3523 654 3582; x_wconf 87' lang='lat' dir='ltr'>Oed.</span> <span class='ocrx_word' id='word_1_210' title='bbox 678 3523 744 3594; x_wconf 83' lang='lat' dir='ltr'>Tyr.</span> <span class='ocrx_word' id='word_1_211' title='bbox 764 3542 788 3584; x_wconf 84' lang='lat' dir='ltr'>v.</span> <span class='ocrx_word' id='word_1_212' title='bbox 815 3519 904 3583; x_wconf 87' lang='grc'><strong>1147.</strong></span> <span class='ocrx_word' id='word_1_213' title='bbox 948 3521 1020 3582; x_wconf 88' lang='lat' dir='ltr'>Phil.</span> <span class='ocrx_word' id='word_1_214' title='bbox 1042 3541 1067 3579; x_wconf 84' lang='lat' dir='ltr'>v.</span> <span class='ocrx_word' id='word_1_215' title='bbox 1093 3519 1185 3582; x_wconf 88' lang='lat'>1300.</span> 
     </span>
     <span class='ocr_line' id='line_1_31' title="bbox 166 3604 1065 3680; baseline 0 -16"><span class='ocrx_word' id='word_1_216' title='bbox 166 3606 259 3680; x_wconf 79' lang='lat' dir='ltr'>Enrip.</span> <span class='ocrx_word' id='word_1_217' title='bbox 285 3608 383 3664; x_wconf 89' lang='lat' dir='ltr'>Bacch.</span> <span class='ocrx_word' id='word_1_218' title='bbox 409 3625 433 3669; x_wconf 77' lang='lat' dir='ltr'>v.</span> <span class='ocrx_word' id='word_1_219' title='bbox 456 3604 530 3674; x_wconf 81' lang='lat'>810,</span> <span class='ocrx_word' id='word_1_220' title='bbox 574 3608 671 3668; x_wconf 87' lang='lat' dir='ltr'>Helen.</span> <span class='ocrx_word' id='word_1_221' title='bbox 695 3604 765 3669; x_wconf 81' lang='lat'>445.</span> <span class='ocrx_word' id='word_1_222' title='bbox 811 3608 892 3666; x_wconf 90' lang='lat' dir='ltr'>Herc.</span> <span class='ocrx_word' id='word_1_223' title='bbox 916 3609 968 3665; x_wconf 86' lang='lat' dir='ltr'>fur.</span> <span class='ocrx_word' id='word_1_224' title='bbox 993 3604 1065 3666; x_wconf 76' lang='lat'>628.</span> 
     </span>
    </p>

    <p class='ocr_par' dir='ltr' id='par_1_11' title="bbox 166 3687 1185 3927">
     <span class='ocr_line' id='line_1_32' title="bbox 252 3687 1185 3772; baseline 0 -24"><span class='ocrx_word' id='word_1_225' title='bbox 252 3687 504 3772; x_wconf 72' lang='lat' dir='ltr'>2)simil.Eu1-ip.</span> <span class='ocrx_word' id='word_1_226' title='bbox 527 3694 630 3754; x_wconf 78' lang='lat' dir='ltr'>Alcest.</span> <span class='ocrx_word' id='word_1_227' title='bbox 659 3713 684 3749; x_wconf 85' lang='lat' dir='ltr'>v.</span> <span class='ocrx_word' id='word_1_228' title='bbox 707 3692 756 3754; x_wconf 79' lang='lat'>28.</span> <span class='ocrx_word' id='word_1_229' title='bbox 802 3695 930 3752; x_wconf 82' lang='lat' dir='ltr'>Androm.</span> <span class='ocrx_word' id='word_1_230' title='bbox 963 3691 1053 3749; x_wconf 82' lang='grc'><strong>1076.</strong></span> <span class='ocrx_word' id='word_1_231' title='bbox 1085 3694 1185 3748; x_wconf 86' lang='lat' dir='ltr'>Bacch.</span> 
     </span>
     <span class='ocr_line' id='line_1_33' title="bbox 167 3772 1185 3852; baseline -0.006 -13"><span class='ocrx_word' id='word_1_232' title='bbox 167 3776 239 3839; x_wconf 86' lang='lat'>586.</span> <span class='ocrx_word' id='word_1_233' title='bbox 269 3775 340 3837; x_wconf 83' lang='lat'>596.</span> <span class='ocrx_word' id='word_1_234' title='bbox 387 3780 469 3840; x_wconf 86' lang='lat' dir='ltr'>Herc.</span> <span class='ocrx_word' id='word_1_235' title='bbox 504 3779 557 3837; x_wconf 87' lang='lat' dir='ltr'>inr.</span> <span class='ocrx_word' id='word_1_236' title='bbox 597 3776 689 3836; x_wconf 80' lang='lat'>1052.</span> <span class='ocrx_word' id='word_1_237' title='bbox 747 3780 824 3852; x_wconf 75' lang='lat' dir='ltr'>cycl,</span> <span class='ocrx_word' id='word_1_238' title='bbox 862 3773 956 3835; x_wconf 83' lang='grc' dir='ltr'>565.Ι</span> <span class='ocrx_word' id='word_1_239' title='bbox 991 3779 1063 3839; x_wconf 83' lang='lat' dir='ltr'>Med.</span> <span class='ocrx_word' id='word_1_240' title='bbox 1094 3772 1185 3836; x_wconf 87' lang='grc'><strong>1056.</strong></span> 
     </span>
     <span class='ocr_line' id='line_1_34' title="bbox 166 3862 780 3927; baseline 0.002 -4"><span class='ocrx_word' id='word_1_241' title='bbox 166 3865 257 3923; x_wconf 80' lang='lat' dir='ltr'>Orant.</span> <span class='ocrx_word' id='word_1_242' title='bbox 284 3862 352 3927; x_wconf 91' lang='grc'><strong>145.</strong></span> <span class='ocrx_word' id='word_1_243' title='bbox 380 3862 450 3923; x_wconf 80' lang='grc'><strong>274.</strong></span> <span class='ocrx_word' id='word_1_244' title='bbox 490 3863 579 3927; x_wconf 87' lang='grc'><strong>1598.</strong></span> <span class='ocrx_word' id='word_1_245' title='bbox 602 3866 684 3921; x_wconf 81' lang='lat' dir='ltr'>Rhea.</span> <span class='ocrx_word' id='word_1_246' title='bbox 710 3863 780 3924; x_wconf 83' lang='grc'><strong>799.</strong></span> 
     </span>
    </p>
   </div>
   <div class='ocr_carea' id='block_1_7' title="bbox 0 0 1366 4612">
    <p class='ocr_par' dir='ltr' id='par_1_12' title="bbox 0 0 1366 4612">
     <span class='ocr_line' id='line_1_35' title="bbox 0 0 1366 4612; baseline 0 1"><span class='ocrx_word' id='word_1_247' title='bbox 0 0 1366 4612; x_wconf 95' lang='lat' dir='ltr'> </span> 
     </span>
    </p>
   </div>
  </div>
 </body>
</html>
