<?xml version="1.0" encoding="UTF-8"?>
<!DOCTYPE html PUBLIC "-//W3C//DTD XHTML 1.0 Transitional//EN"
    "http://www.w3.org/TR/xhtml1/DTD/xhtml1-transitional.dtd">
<html xmlns="http://www.w3.org/1999/xhtml" xml:lang="en" lang="en">
 <head>
  <title>
</title>
<meta http-equiv="Content-Type" content="text/html;charset=utf-8" />
  <meta name='ocr-system' content='tesseract 3.04.00' />
  <meta name='ocr-capabilities' content='ocr_page ocr_carea ocr_par ocr_line ocrx_word'/>
</head>
<body>
  <div class='ocr_page' id='page_1' title='image "./deinteriectionu00mlgoog_0014.png"; bbox 0 0 2722 4612; ppageno 0'>
   <div class='ocr_carea' id='block_1_1' title="bbox 572 416 763 482">
    <p class='ocr_par' dir='ltr' id='par_1_1' title="bbox 572 416 763 482">
     <span class='ocr_line' id='line_1_1' title="bbox 572 416 763 482; baseline 0.005 -19"><span class='ocrx_word' id='word_1_1' title='bbox 572 416 763 482; x_wconf 57' lang='lat'>..9-</span> 
     </span>
    </p>
   </div>
   <div class='ocr_carea' id='block_1_2' title="bbox 167 601 1186 896">
    <p class='ocr_par' dir='ltr' id='par_1_2' title="bbox 167 601 1186 896">
     <span class='ocr_line' id='line_1_2' title="bbox 168 601 1166 693; baseline 0.013 -31"><span class='ocrx_word' id='word_1_2' title='bbox 168 621 236 683; x_wconf 88' lang='lat' dir='ltr'><strong>sqq.</strong></span> <span class='ocrx_word' id='word_1_3' title='bbox 283 611 332 668; x_wconf 80' lang='grc' dir='ltr'><strong>ΦΙ.</strong></span> <span class='ocrx_word' id='word_1_4' title='bbox 362 601 523 680; x_wconf 76' lang='grc' dir='ltr'><strong><em>ἀπόλωλα,</em></strong></span> <span class='ocrx_word' id='word_1_5' title='bbox 554 609 675 683; x_wconf 76' lang='grc' dir='ltr'><em>τέκνον,</em></span> <span class='ocrx_word' id='word_1_6' title='bbox 709 605 769 673; x_wconf 75' lang='lat' dir='ltr'><strong>aori</strong></span> <span class='ocrx_word' id='word_1_7' title='bbox 802 607 973 693; x_wconf 78' lang='grc' dir='ltr'><em>δυνήσομαι</em></span> <span class='ocrx_word' id='word_1_8' title='bbox 1016 606 1116 674; x_wconf 80' lang='grc' dir='ltr'><strong><em>κακὸν</em></strong></span> <span class='ocrx_word' id='word_1_9' title='bbox 1160 604 1166 692; x_wconf 88' lang='grc' dir='ltr'>Ι</span> 
     </span>
     <span class='ocr_line' id='line_1_3' title="bbox 167 703 1186 794; baseline 0.008 -26"><span class='ocrx_word' id='word_1_10' title='bbox 167 703 285 787; x_wconf 77' lang='grc' dir='ltr'><strong><em>κρύψαι</em></strong></span> <span class='ocrx_word' id='word_1_11' title='bbox 307 704 382 788; x_wconf 78' lang='grc' dir='ltr'><strong>παρ’</strong></span> <span class='ocrx_word' id='word_1_12' title='bbox 394 703 479 785; x_wconf 75' lang='grc' dir='ltr'><em>ὑμῖν,</em></span> <span class='ocrx_word' id='word_1_13' title='bbox 500 707 651 774; x_wconf 80' lang='grc' dir='ltr'><em>ὀττοτοῖ·</em></span> <span class='ocrx_word' id='word_1_14' title='bbox 675 714 824 794; x_wconf 77' lang='grc' dir='ltr'><em>διέρχεται</em></span> <span class='ocrx_word' id='word_1_15' title='bbox 835 722 902 788; x_wconf 82' lang='lat' dir='ltr'><strong>eto,</strong></span> <span class='ocrx_word' id='word_1_16' title='bbox 914 709 1062 774; x_wconf 86' lang='lat' dir='ltr'><strong>similiter</strong></span> <span class='ocrx_word' id='word_1_17' title='bbox 1072 710 1106 773; x_wconf 91' lang='lat' dir='ltr'><strong>in</strong></span> <span class='ocrx_word' id='word_1_18' title='bbox 1114 731 1186 776; x_wconf 84' lang='lat' dir='ltr'><strong>ver·</strong></span> 
     </span>
     <span class='ocr_line' id='line_1_4' title="bbox 167 806 1185 896; baseline 0.009 -26"><span class='ocrx_word' id='word_1_19' title='bbox 167 806 268 871; x_wconf 90' lang='lat' dir='ltr'><strong>siculo</strong></span> <span class='ocrx_word' id='word_1_20' title='bbox 291 806 433 874; x_wconf 89' lang='lat' dir='ltr'><strong>breviore</strong></span> <span class='ocrx_word' id='word_1_21' title='bbox 455 811 586 876; x_wconf 87' lang='lat' dir='ltr'><strong>senariis</strong></span> <span class='ocrx_word' id='word_1_22' title='bbox 608 810 728 876; x_wconf 92' lang='lat' dir='ltr'><strong>inserto</strong></span> <span class='ocrx_word' id='word_1_23' title='bbox 751 814 822 882; x_wconf 81' lang='grc'><strong>790.</strong></span> <span class='ocrx_word' id='word_1_24' title='bbox 845 811 936 896; x_wconf 83' lang='lat' dir='ltr'><strong>Quos</strong></span> <span class='ocrx_word' id='word_1_25' title='bbox 949 812 991 877; x_wconf 85' lang='lat' dir='ltr'><strong>ad</strong></span> <span class='ocrx_word' id='word_1_26' title='bbox 1011 817 1097 878; x_wconf 88' lang='lat' dir='ltr'><strong>locos</strong></span> <span class='ocrx_word' id='word_1_27' title='bbox 1109 806 1185 879; x_wconf 86' lang='lat' dir='ltr'><strong>cum</strong></span> 
     </span>
    </p>
   </div>
   <div class='ocr_carea' id='block_1_3' title="bbox 168 909 1187 1079">
    <p class='ocr_par' dir='ltr' id='par_1_3' title="bbox 168 909 1187 1079">
     <span class='ocr_line' id='line_1_5' title="bbox 168 909 1187 995; baseline 0.009 -23"><span class='ocrx_word' id='word_1_28' title='bbox 168 909 248 974; x_wconf 86' lang='lat' dir='ltr'><strong>nihil</strong></span> <span class='ocrx_word' id='word_1_29' title='bbox 280 910 331 988; x_wconf 87' lang='lat' dir='ltr'><strong>sit,</strong></span> <span class='ocrx_word' id='word_1_30' title='bbox 360 912 447 995; x_wconf 89' lang='lat' dir='ltr'><strong>quod</strong></span> <span class='ocrx_word' id='word_1_31' title='bbox 482 913 675 994; x_wconf 76' lang='lat' dir='ltr'><strong>adiciamus,</strong></span> <span class='ocrx_word' id='word_1_32' title='bbox 708 915 771 981; x_wconf 87' lang='lat' dir='ltr'><strong>iam</strong></span> <span class='ocrx_word' id='word_1_33' title='bbox 796 937 853 982; x_wconf 91' lang='lat' dir='ltr'><strong>nos</strong></span> <span class='ocrx_word' id='word_1_34' title='bbox 888 925 1112 983; x_wconf 80' lang='lat' dir='ltr'><strong>convertamus</strong></span> <span class='ocrx_word' id='word_1_35' title='bbox 1144 915 1187 981; x_wconf 88' lang='lat' dir='ltr'><strong>ad</strong></span> 
     </span>
     <span class='ocr_line' id='line_1_6' title="bbox 168 1014 293 1079; baseline 0.008 -1"><span class='ocrx_word' id='word_1_36' title='bbox 168 1014 293 1079; x_wconf 82' lang='lat' dir='ltr'><strong>tertiam</strong></span> 
     </span>
    </p>
   </div>
   <div class='ocr_carea' id='block_1_4' title="bbox 638 1205 700 1273">
    <p class='ocr_par' dir='ltr' id='par_1_4' title="bbox 638 1205 700 1273">
     <span class='ocr_line' id='line_1_7' title="bbox 638 1205 700 1273; baseline 0.032 -2"><span class='ocrx_word' id='word_1_37' title='bbox 638 1205 700 1273; x_wconf 89' lang='lat' dir='ltr'><strong>Ill.</strong></span> 
     </span>
    </p>
   </div>
   <div class='ocr_carea' id='block_1_5' title="bbox 593 1311 747 1380">
    <p class='ocr_par' dir='ltr' id='par_1_5' title="bbox 593 1311 747 1380">
     <span class='ocr_line' id='line_1_8' title="bbox 593 1311 747 1380; baseline 0 -2"><span class='ocrx_word' id='word_1_38' title='bbox 593 1311 747 1380; x_wconf 82' lang='grc' dir='ltr'><em>ὀτοτοῖ</em></span> 
     </span>
    </p>
   </div>
   <div class='ocr_carea' id='block_1_6' title="bbox 80 1431 1244 3794">
    <p class='ocr_par' dir='ltr' id='par_1_6' title="bbox 80 1431 1244 2658">
     <span class='ocr_line' id='line_1_9' title="bbox 165 1431 1185 1516; baseline 0.004 -20"><span class='ocrx_word' id='word_1_39' title='bbox 165 1432 428 1502; x_wconf 87' lang='lat' dir='ltr'><strong>interiectionem,</strong></span> <span class='ocrx_word' id='word_1_40' title='bbox 451 1453 534 1515; x_wconf 83' lang='lat' dir='ltr'><strong>quae</strong></span> <span class='ocrx_word' id='word_1_41' title='bbox 555 1435 592 1498; x_wconf 91' lang='lat' dir='ltr'><strong>ut</strong></span> <span class='ocrx_word' id='word_1_42' title='bbox 603 1453 668 1510; x_wconf 85' lang='lat' dir='ltr'><strong>eae,</strong></span> <span class='ocrx_word' id='word_1_43' title='bbox 689 1432 814 1516; x_wconf 90' lang='lat' dir='ltr'><strong>quasin</strong></span> <span class='ocrx_word' id='word_1_44' title='bbox 824 1431 1090 1501; x_wconf 84' lang='lat' dir='ltr'><strong>antecedentibus</strong></span> <span class='ocrx_word' id='word_1_45' title='bbox 1101 1440 1185 1500; x_wconf 87' lang='lat' dir='ltr'><strong>trao-</strong></span> 
     </span>
     <span class='ocr_line' id='line_1_10' title="bbox 166 1533 1185 1624; baseline 0.004 -24"><span class='ocrx_word' id='word_1_46' title='bbox 166 1535 315 1605; x_wconf 87' lang='lat' dir='ltr'><strong>tavimus,</strong></span> <span class='ocrx_word' id='word_1_47' title='bbox 337 1534 505 1621; x_wconf 89' lang='lat' dir='ltr'><strong>permultis</strong></span> <span class='ocrx_word' id='word_1_48' title='bbox 527 1536 561 1600; x_wconf 94' lang='lat' dir='ltr'><strong>in</strong></span> <span class='ocrx_word' id='word_1_49' title='bbox 582 1535 660 1602; x_wconf 91' lang='lat' dir='ltr'><strong>locis</strong></span> <span class='ocrx_word' id='word_1_50' title='bbox 683 1533 838 1602; x_wconf 91' lang='lat' dir='ltr'><strong>librorum</strong></span> <span class='ocrx_word' id='word_1_51' title='bbox 872 1548 1015 1603; x_wconf 90' lang='lat' dir='ltr'><strong>veterum</strong></span> <span class='ocrx_word' id='word_1_52' title='bbox 1052 1551 1185 1624; x_wconf 56' lang='lat' dir='ltr'><strong>corrup*</strong></span> 
     </span>
     <span class='ocr_line' id='line_1_11' title="bbox 166 1636 1186 1726; baseline 0.004 -24"><span class='ocrx_word' id='word_1_53' title='bbox 166 1639 243 1704; x_wconf 87' lang='lat' dir='ltr'><strong>telas</strong></span> <span class='ocrx_word' id='word_1_54' title='bbox 264 1638 421 1722; x_wconf 85' lang='lat' dir='ltr'><strong>quasdam</strong></span> <span class='ocrx_word' id='word_1_55' title='bbox 443 1649 491 1704; x_wconf 91' lang='lat' dir='ltr'><strong>est</strong></span> <span class='ocrx_word' id='word_1_56' title='bbox 513 1661 669 1726; x_wconf 86' lang='lat' dir='ltr'><strong>perpessa.</strong></span> <span class='ocrx_word' id='word_1_57' title='bbox 724 1636 787 1704; x_wconf 87' lang='lat' dir='ltr'><strong>Sed</strong></span> <span class='ocrx_word' id='word_1_58' title='bbox 821 1660 894 1706; x_wconf 92' lang='lat' dir='ltr'><strong>cum</strong></span> <span class='ocrx_word' id='word_1_59' title='bbox 927 1639 1006 1706; x_wconf 86' lang='lat' dir='ltr'><strong>haec</strong></span> <span class='ocrx_word' id='word_1_60' title='bbox 1029 1640 1186 1706; x_wconf 81' lang='lat' dir='ltr'><strong>mendae</strong></span> 
     </span>
     <span class='ocr_line' id='line_1_12' title="bbox 166 1740 1186 1829; baseline 0.001 -22"><span class='ocrx_word' id='word_1_61' title='bbox 166 1741 313 1807; x_wconf 87' lang='lat' dir='ltr'><strong>codicum</strong></span> <span class='ocrx_word' id='word_1_62' title='bbox 336 1740 449 1807; x_wconf 88' lang='lat' dir='ltr'><strong>scribis</strong></span> <span class='ocrx_word' id='word_1_63' title='bbox 472 1741 590 1808; x_wconf 86' lang='lat' dir='ltr'><strong>talibus</strong></span> <span class='ocrx_word' id='word_1_64' title='bbox 611 1743 646 1807; x_wconf 93' lang='lat' dir='ltr'><strong>in</strong></span> <span class='ocrx_word' id='word_1_65' title='bbox 669 1741 765 1809; x_wconf 93' lang='lat' dir='ltr'><strong>rebus</strong></span> <span class='ocrx_word' id='word_1_66' title='bbox 783 1741 1186 1829; x_wconf 83' lang='lat' dir='ltr'><strong>neglegentissimisinepte</strong></span> 
     </span>
     <span class='ocr_line' id='line_1_13' title="bbox 166 1845 1185 1932; baseline 0.002 -23"><span class='ocrx_word' id='word_1_67' title='bbox 166 1845 315 1923; x_wconf 87' lang='lat' dir='ltr'><strong>admissa,</strong></span> <span class='ocrx_word' id='word_1_68' title='bbox 339 1845 461 1930; x_wconf 87' lang='lat' dir='ltr'><strong>quippe</strong></span> <span class='ocrx_word' id='word_1_69' title='bbox 483 1867 565 1930; x_wconf 88' lang='lat' dir='ltr'><strong>quae</strong></span> <span class='ocrx_word' id='word_1_70' title='bbox 587 1846 643 1912; x_wconf 88' lang='lat' dir='ltr'><strong>vix</strong></span> <span class='ocrx_word' id='word_1_71' title='bbox 665 1846 758 1912; x_wconf 86' lang='lat' dir='ltr'><strong>aliter</strong></span> <span class='ocrx_word' id='word_1_72' title='bbox 782 1845 891 1912; x_wconf 90' lang='lat' dir='ltr'><strong>tollere</strong></span> <span class='ocrx_word' id='word_1_73' title='bbox 919 1847 1091 1932; x_wconf 89' lang='lat' dir='ltr'><strong>possimus,</strong></span> <span class='ocrx_word' id='word_1_74' title='bbox 1123 1845 1185 1911; x_wconf 92' lang='lat' dir='ltr'><strong>nisi</strong></span> 
     </span>
     <span class='ocr_line' id='line_1_14' title="bbox 167 1948 1185 2036; baseline 0.003 -25"><span class='ocrx_word' id='word_1_75' title='bbox 167 1948 258 2013; x_wconf 87' lang='lat' dir='ltr'><strong>metri</strong></span> <span class='ocrx_word' id='word_1_76' title='bbox 281 1948 654 2036; x_wconf 84' lang='lat' dir='ltr'><strong>diligentissimeratione</strong></span> <span class='ocrx_word' id='word_1_77' title='bbox 675 1949 792 2028; x_wconf 82' lang='lat' dir='ltr'><strong>habita,</strong></span> <span class='ocrx_word' id='word_1_78' title='bbox 815 1955 852 2015; x_wconf 91' lang='lat' dir='ltr'><strong>ut</strong></span> <span class='ocrx_word' id='word_1_79' title='bbox 873 1971 1105 2027; x_wconf 83' lang='lat' dir='ltr'><strong>removeamus,</strong></span> <span class='ocrx_word' id='word_1_80' title='bbox 1127 1970 1185 2034; x_wconf 89' lang='lat' dir='ltr'><strong>po-</strong></span> 
     </span>
     <span class='ocr_line' id='line_1_15' title="bbox 167 2051 1185 2138; baseline 0 -22"><span class='ocrx_word' id='word_1_81' title='bbox 167 2063 233 2118; x_wconf 89' lang='lat' dir='ltr'><strong>stea</strong></span> <span class='ocrx_word' id='word_1_82' title='bbox 257 2052 405 2118; x_wconf 72' lang='lat' dir='ltr'><strong>necaturi</strong></span> <span class='ocrx_word' id='word_1_83' title='bbox 428 2053 529 2119; x_wconf 88' lang='lat' dir='ltr'><strong>simus</strong></span> <span class='ocrx_word' id='word_1_84' title='bbox 551 2075 691 2138; x_wconf 84' lang='lat' dir='ltr'><strong>operam,</strong></span> <span class='ocrx_word' id='word_1_85' title='bbox 715 2074 788 2118; x_wconf 89' lang='lat' dir='ltr'><strong>cum</strong></span> <span class='ocrx_word' id='word_1_86' title='bbox 813 2052 853 2117; x_wconf 93' lang='lat' dir='ltr'><strong>de</strong></span> <span class='ocrx_word' id='word_1_87' title='bbox 864 2051 979 2118; x_wconf 86' lang='lat' dir='ltr'><strong>harum</strong></span> <span class='ocrx_word' id='word_1_88' title='bbox 997 2052 1185 2119; x_wconf 86' lang='lat' dir='ltr'><strong>vocularum</strong></span> 
     </span>
     <span class='ocr_line' id='line_1_16' title="bbox 80 2155 1244 2242; baseline -0.001 -21"><span class='ocrx_word' id='word_1_89' title='bbox 80 2209 110 2234; x_wconf 50' lang='grc'><strong>,.</strong></span> <span class='ocrx_word' id='word_1_90' title='bbox 167 2156 332 2242; x_wconf 80' lang='lat' dir='ltr'><strong>rythmicis</strong></span> <span class='ocrx_word' id='word_1_91' title='bbox 355 2155 596 2222; x_wconf 83' lang='lat' dir='ltr'><strong>condicionibus</strong></span> <span class='ocrx_word' id='word_1_92' title='bbox 620 2155 776 2223; x_wconf 88' lang='lat' dir='ltr'><strong>universis</strong></span> <span class='ocrx_word' id='word_1_93' title='bbox 809 2155 871 2219; x_wconf 90' lang='lat' dir='ltr'><strong>erit</strong></span> <span class='ocrx_word' id='word_1_94' title='bbox 905 2155 1097 2239; x_wconf 88' lang='lat' dir='ltr'><strong>disquisitio,</strong></span> <span class='ocrx_word' id='word_1_95' title='bbox 1131 2155 1183 2220; x_wconf 90' lang='lat' dir='ltr'><strong>hio</strong></span> <span class='ocrx_word' id='word_1_96' title='bbox 1241 2190 1244 2197; x_wconf 22' lang='grc' dir='ltr'>Α</span> 
     </span>
     <span class='ocr_line' id='line_1_17' title="bbox 167 2258 1182 2347; baseline -0.001 -23"><span class='ocrx_word' id='word_1_97' title='bbox 167 2260 305 2325; x_wconf 86' lang='lat' dir='ltr'><strong>sufficiat</strong></span> <span class='ocrx_word' id='word_1_98' title='bbox 328 2260 469 2344; x_wconf 86' lang='lat' dir='ltr'><strong>primurn</strong></span> <span class='ocrx_word' id='word_1_99' title='bbox 503 2260 647 2347; x_wconf 81' lang='lat' dir='ltr'><strong>singulas</strong></span> <span class='ocrx_word' id='word_1_100' title='bbox 685 2258 783 2324; x_wconf 92' lang='lat' dir='ltr'><strong>huius</strong></span> <span class='ocrx_word' id='word_1_101' title='bbox 818 2259 906 2323; x_wconf 77' lang='lat' dir='ltr'><strong>vocis</strong></span> <span class='ocrx_word' id='word_1_102' title='bbox 942 2260 1060 2325; x_wconf 79' lang='lat' dir='ltr'><strong>formas</strong></span> <span class='ocrx_word' id='word_1_103' title='bbox 1082 2280 1182 2323; x_wconf 85' lang='lat' dir='ltr'><strong>anno·</strong></span> 
     </span>
     <span class='ocr_line' id='line_1_18' title="bbox 166 2362 1182 2450; baseline -0.001 -23"><span class='ocrx_word' id='word_1_104' title='bbox 166 2375 259 2441; x_wconf 84' lang='lat' dir='ltr'><strong>tasse,</strong></span> <span class='ocrx_word' id='word_1_105' title='bbox 292 2376 362 2428; x_wconf 91' lang='lat' dir='ltr'><strong>tum</strong></span> <span class='ocrx_word' id='word_1_106' title='bbox 395 2364 507 2449; x_wconf 84' lang='lat' dir='ltr'><strong>paucis</strong></span> <span class='ocrx_word' id='word_1_107' title='bbox 539 2364 742 2450; x_wconf 85' lang='lat' dir='ltr'><strong>exposuisse,</strong></span> <span class='ocrx_word' id='word_1_108' title='bbox 781 2383 879 2446; x_wconf 89' lang='lat' dir='ltr'><strong>quam</strong></span> <span class='ocrx_word' id='word_1_109' title='bbox 911 2362 978 2428; x_wconf 91' lang='lat' dir='ltr'><strong>vim</strong></span> <span class='ocrx_word' id='word_1_110' title='bbox 999 2363 1028 2428; x_wconf 89' lang='lat' dir='ltr'><strong>ei</strong></span> <span class='ocrx_word' id='word_1_111' title='bbox 1051 2362 1182 2429; x_wconf 88' lang='lat' dir='ltr'><strong>subesse</strong></span> 
     </span>
     <span class='ocr_line' id='line_1_19' title="bbox 165 2466 1184 2552; baseline -0.003 -19"><span class='ocrx_word' id='word_1_112' title='bbox 165 2468 365 2534; x_wconf 82' lang='lat' dir='ltr'><strong>arbitremur.</strong></span> <span class='ocrx_word' id='word_1_113' title='bbox 409 2466 596 2533; x_wconf 89' lang='lat' dir='ltr'><strong>Occurrunt</strong></span> <span class='ocrx_word' id='word_1_114' title='bbox 630 2473 738 2532; x_wconf 82' lang='lat' dir='ltr'><strong>nutem</strong></span> <span class='ocrx_word' id='word_1_115' title='bbox 771 2488 830 2552; x_wconf 89' lang='lat' dir='ltr'><strong>pro</strong></span> <span class='ocrx_word' id='word_1_116' title='bbox 866 2466 999 2532; x_wconf 86' lang='lat' dir='ltr'><strong>affectus</strong></span> <span class='ocrx_word' id='word_1_117' title='bbox 1031 2466 1062 2531; x_wconf 89' lang='lat' dir='ltr'><strong>vi</strong></span> <span class='ocrx_word' id='word_1_118' title='bbox 1086 2477 1184 2550; x_wconf 89' lang='lat' dir='ltr'><strong>atque</strong></span> 
     </span>
     <span class='ocr_line' id='line_1_20' title="bbox 166 2571 676 2658; baseline 0.002 -23"><span class='ocrx_word' id='word_1_119' title='bbox 166 2572 322 2658; x_wconf 85' lang='lat' dir='ltr'><strong>gravitate</strong></span> <span class='ocrx_word' id='word_1_120' title='bbox 345 2571 465 2657; x_wconf 89' lang='lat' dir='ltr'><strong>species</strong></span> <span class='ocrx_word' id='word_1_121' title='bbox 488 2571 557 2635; x_wconf 90' lang='lat' dir='ltr'><strong>eius</strong></span> <span class='ocrx_word' id='word_1_122' title='bbox 580 2572 676 2636; x_wconf 86' lang='lat' dir='ltr'><strong>haec:</strong></span> 
     </span>
    </p>

    <p class='ocr_par' dir='ltr' id='par_1_7' title="bbox 136 2655 1186 2966">
     <span class='ocr_line' id='line_1_21' title="bbox 136 2655 1183 2760; baseline -0.006 -17"><span class='ocrx_word' id='word_1_123' title='bbox 136 2655 146 2670; x_wconf 49' lang='grc'><strong>”</strong></span> <span class='ocrx_word' id='word_1_124' title='bbox 252 2678 286 2758; x_wconf 90' lang='grc'><strong>1)</strong></span> <span class='ocrx_word' id='word_1_125' title='bbox 309 2691 402 2742; x_wconf 83' lang='grc' dir='ltr'><em>τοτοῖ</em></span> <span class='ocrx_word' id='word_1_126' title='bbox 436 2675 470 2738; x_wconf 91' lang='lat' dir='ltr'><strong>in</strong></span> <span class='ocrx_word' id='word_1_127' title='bbox 503 2673 617 2758; x_wconf 83' lang='lat' dir='ltr'><strong>Eurip.</strong></span> <span class='ocrx_word' id='word_1_128' title='bbox 648 2671 753 2740; x_wconf 88' lang='lat' dir='ltr'><strong>Orest.</strong></span> <span class='ocrx_word' id='word_1_129' title='bbox 788 2697 817 2738; x_wconf 89' lang='lat' dir='ltr'><strong>v.</strong></span> <span class='ocrx_word' id='word_1_130' title='bbox 850 2675 943 2752; x_wconf 85' lang='grc'><strong>1389,</strong></span> <span class='ocrx_word' id='word_1_131' title='bbox 967 2679 1127 2760; x_wconf 82' lang='lat' dir='ltr'><strong>praeterea</strong></span> <span class='ocrx_word' id='word_1_132' title='bbox 1149 2662 1183 2738; x_wconf 91' lang='lat' dir='ltr'><strong>in</strong></span> 
     </span>
     <span class='ocr_line' id='line_1_22' title="bbox 166 2776 1186 2864; baseline -0.002 -20"><span class='ocrx_word' id='word_1_133' title='bbox 166 2777 263 2864; x_wconf 86' lang='lat' dir='ltr'><strong>Soph.</strong></span> <span class='ocrx_word' id='word_1_134' title='bbox 287 2778 386 2844; x_wconf 80' lang='lat' dir='ltr'><strong>Eteet.</strong></span> <span class='ocrx_word' id='word_1_135' title='bbox 408 2800 437 2844; x_wconf 89' lang='lat' dir='ltr'><strong>v.</strong></span> <span class='ocrx_word' id='word_1_136' title='bbox 461 2779 543 2844; x_wconf 76' lang='lat'>1245</span> <span class='ocrx_word' id='word_1_137' title='bbox 568 2779 647 2863; x_wconf 90' lang='lat' dir='ltr'><strong>(quo</strong></span> <span class='ocrx_word' id='word_1_138' title='bbox 671 2777 801 2860; x_wconf 91' lang='lat' dir='ltr'><strong>quidem</strong></span> <span class='ocrx_word' id='word_1_139' title='bbox 834 2777 866 2841; x_wconf 92' lang='lat' dir='ltr'><strong>in</strong></span> <span class='ocrx_word' id='word_1_140' title='bbox 890 2776 959 2842; x_wconf 87' lang='lat' dir='ltr'><strong>loco</strong></span> <span class='ocrx_word' id='word_1_141' title='bbox 981 2776 1186 2863; x_wconf 77' lang='lat' dir='ltr'><strong>coniungitur</strong></span> 
     </span>
     <span class='ocr_line' id='line_1_23' title="bbox 165 2881 637 2966; baseline -0.004 -20"><span class='ocrx_word' id='word_1_142' title='bbox 165 2903 238 2946; x_wconf 89' lang='lat' dir='ltr'><strong>cum</strong></span> <span class='ocrx_word' id='word_1_143' title='bbox 263 2881 493 2949; x_wconf 83' lang='grc' dir='ltr'><em>ὀτοτοτοτοτοῖ</em></span> <span class='ocrx_word' id='word_1_144' title='bbox 512 2883 637 2966; x_wconf 81' lang='lat' dir='ltr'><strong>formo).</strong></span> 
     </span>
    </p>

    <p class='ocr_par' dir='ltr' id='par_1_8' title="bbox 252 2983 1098 3070">
     <span class='ocr_line' id='line_1_24' title="bbox 252 2983 1098 3070; baseline -0.002 -21"><span class='ocrx_word' id='word_1_145' title='bbox 252 2985 285 3070; x_wconf 77' lang='grc'><strong>9)</strong></span> <span class='ocrx_word' id='word_1_146' title='bbox 308 2985 421 3052; x_wconf 87' lang='grc' dir='ltr'><em>ὀτοτοῖ</em></span> <span class='ocrx_word' id='word_1_147' title='bbox 440 2984 473 3048; x_wconf 93' lang='lat' dir='ltr'><strong>in</strong></span> <span class='ocrx_word' id='word_1_148' title='bbox 496 2983 608 3070; x_wconf 82' lang='lat' dir='ltr'><strong>Eurip.</strong></span> <span class='ocrx_word' id='word_1_149' title='bbox 632 2983 789 3048; x_wconf 88' lang='lat' dir='ltr'><strong>Androm.</strong></span> <span class='ocrx_word' id='word_1_150' title='bbox 813 3005 865 3048; x_wconf 87' lang='lat' dir='ltr'><strong>vv.</strong></span> <span class='ocrx_word' id='word_1_151' title='bbox 892 2984 982 3051; x_wconf 83' lang='grc'><strong>1197.</strong></span> <span class='ocrx_word' id='word_1_152' title='bbox 1007 2985 1098 3052; x_wconf 79' lang='grc'><strong>1200.</strong></span> 
     </span>
    </p>

    <p class='ocr_par' dir='ltr' id='par_1_9' title="bbox 252 3086 797 3170">
     <span class='ocr_line' id='line_1_25' title="bbox 252 3086 797 3170; baseline -0.006 -17"><span class='ocrx_word' id='word_1_153' title='bbox 252 3089 286 3170; x_wconf 80' lang='grc'><strong>3)</strong></span> <span class='ocrx_word' id='word_1_154' title='bbox 309 3104 441 3154; x_wconf 93' lang='grc' dir='ltr'><em>τοτοτοῖ</em></span> <span class='ocrx_word' id='word_1_155' title='bbox 459 3087 493 3150; x_wconf 91' lang='lat' dir='ltr'><strong>in</strong></span> <span class='ocrx_word' id='word_1_156' title='bbox 516 3086 630 3154; x_wconf 86' lang='lat' dir='ltr'><strong>Troch.</strong></span> <span class='ocrx_word' id='word_1_157' title='bbox 653 3111 681 3154; x_wconf 86' lang='lat' dir='ltr'><strong>v.</strong></span> <span class='ocrx_word' id='word_1_158' title='bbox 707 3088 797 3152; x_wconf 91' lang='grc'><strong>1009.</strong></span> 
     </span>
    </p>

    <p class='ocr_par' dir='ltr' id='par_1_10' title="bbox 251 3189 1184 3275">
     <span class='ocr_line' id='line_1_26' title="bbox 251 3189 1184 3275; baseline -0.005 -18"><span class='ocrx_word' id='word_1_159' title='bbox 251 3193 286 3274; x_wconf 84' lang='grc'><strong>4)</strong></span> <span class='ocrx_word' id='word_1_160' title='bbox 310 3190 463 3257; x_wconf 87' lang='grc' dir='ltr'><em>ὀτοτοτοῖ</em></span> <span class='ocrx_word' id='word_1_161' title='bbox 483 3190 516 3254; x_wconf 89' lang='lat' dir='ltr'><strong>in</strong></span> <span class='ocrx_word' id='word_1_162' title='bbox 538 3191 632 3256; x_wconf 88' lang='lat' dir='ltr'><strong>Herc.</strong></span> <span class='ocrx_word' id='word_1_163' title='bbox 656 3192 717 3256; x_wconf 82' lang='lat' dir='ltr'><strong>tur.</strong></span> <span class='ocrx_word' id='word_1_164' title='bbox 740 3213 769 3253; x_wconf 91' lang='lat' dir='ltr'><strong>v.</strong></span> <span class='ocrx_word' id='word_1_165' title='bbox 794 3189 855 3254; x_wconf 85' lang='grc'><strong>875</strong></span> <span class='ocrx_word' id='word_1_166' title='bbox 870 3191 907 3275; x_wconf 88' lang='lat'><strong>¹).</strong></span> <span class='ocrx_word' id='word_1_167' title='bbox 958 3189 1078 3256; x_wconf 89' lang='lat' dir='ltr'><strong>Phoen.</strong></span> <span class='ocrx_word' id='word_1_168' title='bbox 1093 3191 1184 3257; x_wconf 80' lang='lat'>1530.</span> 
     </span>
    </p>

    <p class='ocr_par' dir='ltr' id='par_1_11' title="bbox 167 3292 1187 3567">
     <span class='ocr_line' id='line_1_27' title="bbox 253 3292 1186 3380; baseline 0.001 -21"><span class='ocrx_word' id='word_1_169' title='bbox 253 3295 286 3378; x_wconf 88' lang='lat'><strong>5)</strong></span> <span class='ocrx_word' id='word_1_170' title='bbox 309 3292 540 3362; x_wconf 90' lang='grc' dir='ltr'><em>ὀτοτοτοτοτοῖ</em></span> <span class='ocrx_word' id='word_1_171' title='bbox 558 3295 593 3357; x_wconf 87' lang='lat' dir='ltr'><strong>iu</strong></span> <span class='ocrx_word' id='word_1_172' title='bbox 615 3295 710 3380; x_wconf 87' lang='lat' dir='ltr'><strong>Soph.</strong></span> <span class='ocrx_word' id='word_1_173' title='bbox 733 3292 831 3358; x_wconf 82' lang='lat' dir='ltr'><strong>Elect.</strong></span> <span class='ocrx_word' id='word_1_174' title='bbox 853 3314 887 3365; x_wconf 78' lang='grc' dir='ltr'><strong>ν.</strong></span> <span class='ocrx_word' id='word_1_175' title='bbox 899 3295 990 3372; x_wconf 80' lang='lat'><strong>1245,</strong></span> <span class='ocrx_word' id='word_1_176' title='bbox 1013 3315 1108 3378; x_wconf 88' lang='lat' dir='ltr'><strong>quem</strong></span> <span class='ocrx_word' id='word_1_177' title='bbox 1132 3316 1186 3360; x_wconf 90' lang='lat' dir='ltr'><strong>su·</strong></span> 
     </span>
     <span class='ocr_line' id='line_1_28' title="bbox 167 3394 1187 3483; baseline 0.003 -22"><span class='ocrx_word' id='word_1_178' title='bbox 167 3420 225 3483; x_wconf 88' lang='lat' dir='ltr'><strong>pra</strong></span> <span class='ocrx_word' id='word_1_179' title='bbox 247 3398 577 3477; x_wconf 86' lang='lat' dir='ltr'><strong>commemoravimus,</strong></span> <span class='ocrx_word' id='word_1_180' title='bbox 610 3410 642 3463; x_wconf 92' lang='lat' dir='ltr'><strong>et</strong></span> <span class='ocrx_word' id='word_1_181' title='bbox 671 3398 704 3462; x_wconf 91' lang='lat' dir='ltr'><strong>in</strong></span> <span class='ocrx_word' id='word_1_182' title='bbox 735 3396 847 3481; x_wconf 80' lang='lat' dir='ltr'><strong>Enrip.</strong></span> <span class='ocrx_word' id='word_1_183' title='bbox 882 3394 996 3464; x_wconf 89' lang='lat' dir='ltr'><strong>Troad.</strong></span> <span class='ocrx_word' id='word_1_184' title='bbox 1021 3419 1072 3466; x_wconf 84' lang='lat' dir='ltr'><strong>vv.</strong></span> <span class='ocrx_word' id='word_1_185' title='bbox 1097 3399 1187 3464; x_wconf 79' lang='grc'><strong>1287.</strong></span> 
     </span>
     <span class='ocr_line' id='line_1_29' title="bbox 171 3502 261 3567; baseline 0.078 -7"><span class='ocrx_word' id='word_1_186' title='bbox 171 3502 261 3567; x_wconf 67' lang='lat'><strong>1294</strong></span> 
     </span>
    </p>

    <p class='ocr_par' dir='ltr' id='par_1_12' title="bbox 253 3603 1012 3691">
     <span class='ocr_line' id='line_1_30' title="bbox 253 3603 1012 3691; baseline -0.007 -20"><span class='ocrx_word' id='word_1_187' title='bbox 253 3606 288 3691; x_wconf 84' lang='lat'><strong>6)</strong></span> <span class='ocrx_word' id='word_1_188' title='bbox 314 3605 584 3675; x_wconf 89' lang='grc' dir='ltr'><em>ὀτοτοτοτοτοτοῖ</em></span> <span class='ocrx_word' id='word_1_189' title='bbox 603 3605 638 3669; x_wconf 89' lang='lat' dir='ltr'><strong>in</strong></span> <span class='ocrx_word' id='word_1_190' title='bbox 659 3603 774 3689; x_wconf 82' lang='lat' dir='ltr'><strong>Eurip.</strong></span> <span class='ocrx_word' id='word_1_191' title='bbox 789 3603 863 3670; x_wconf 82' lang='lat' dir='ltr'><strong>Jon.</strong></span> <span class='ocrx_word' id='word_1_192' title='bbox 886 3628 915 3669; x_wconf 90' lang='lat' dir='ltr'><strong>v.</strong></span> <span class='ocrx_word' id='word_1_193' title='bbox 941 3605 1012 3671; x_wconf 88' lang='grc'><strong>789.</strong></span> 
     </span>
    </p>

    <p class='ocr_par' dir='ltr' id='par_1_13' title="bbox 252 3706 1186 3794">
     <span class='ocr_line' id='line_1_31' title="bbox 252 3706 1186 3794; baseline -0.002 -21"><span class='ocrx_word' id='word_1_194' title='bbox 252 3708 354 3774; x_wconf 91' lang='lat' dir='ltr'><strong>Porro</strong></span> <span class='ocrx_word' id='word_1_195' title='bbox 376 3710 464 3794; x_wconf 92' lang='lat' dir='ltr'><strong>quod</strong></span> <span class='ocrx_word' id='word_1_196' title='bbox 487 3711 600 3778; x_wconf 84' lang='lat' dir='ltr'><strong>attinet</strong></span> <span class='ocrx_word' id='word_1_197' title='bbox 624 3707 663 3773; x_wconf 94' lang='lat' dir='ltr'><strong>ad</strong></span> <span class='ocrx_word' id='word_1_198' title='bbox 687 3707 783 3774; x_wconf 90' lang='lat' dir='ltr'><strong>huius</strong></span> <span class='ocrx_word' id='word_1_199' title='bbox 805 3712 938 3773; x_wconf 82' lang='lat' dir='ltr'><strong>voculae</strong></span> <span class='ocrx_word' id='word_1_200' title='bbox 955 3706 1114 3775; x_wconf 86' lang='lat' dir='ltr'><strong>scribendi</strong></span> <span class='ocrx_word' id='word_1_201' title='bbox 1136 3729 1186 3771; x_wconf 88' lang='lat' dir='ltr'><strong>ra·</strong></span> 
     </span>
    </p>
   </div>
   <div class='ocr_carea' id='block_1_7' title="bbox 168 3930 1186 4102">
    <p class='ocr_par' dir='ltr' id='par_1_14' title="bbox 168 3930 1186 4102">
     <span class='ocr_line' id='line_1_32' title="bbox 256 3930 1186 4020; baseline 0.004 -25"><span class='ocrx_word' id='word_1_202' title='bbox 256 3933 288 4020; x_wconf 88' lang='lat'><strong>1)</strong></span> <span class='ocrx_word' id='word_1_203' title='bbox 312 3959 394 4015; x_wconf 88' lang='lat' dir='ltr'><strong>quem</strong></span> <span class='ocrx_word' id='word_1_204' title='bbox 415 3958 521 3997; x_wconf 82' lang='lat' dir='ltr'><strong>versum</strong></span> <span class='ocrx_word' id='word_1_205' title='bbox 530 3939 703 3999; x_wconf 83' lang='lat' dir='ltr'><strong>Hermannus</strong></span> <span class='ocrx_word' id='word_1_206' title='bbox 718 3937 850 4012; x_wconf 86' lang='lat' dir='ltr'><strong>restituit,</strong></span> <span class='ocrx_word' id='word_1_207' title='bbox 873 3955 934 3996; x_wconf 88' lang='lat' dir='ltr'><strong>cum</strong></span> <span class='ocrx_word' id='word_1_208' title='bbox 956 3938 1015 4001; x_wconf 88' lang='lat' dir='ltr'><strong>cod.</strong></span> <span class='ocrx_word' id='word_1_209' title='bbox 1038 3930 1186 4000; x_wconf 85' lang='grc' dir='ltr'><em>ὀτοτοτο·</em></span> 
     </span>
     <span class='ocr_line' id='line_1_33' title="bbox 168 4028 422 4102; baseline -0.02 -15"><span class='ocrx_word' id='word_1_210' title='bbox 168 4028 259 4088; x_wconf 75' lang='grc' dir='ltr'><em>τοτοῖ</em></span> <span class='ocrx_word' id='word_1_211' title='bbox 286 4028 422 4102; x_wconf 81' lang='lat' dir='ltr'><strong>praebeat.</strong></span> 
     </span>
    </p>
   </div>
   <div class='ocr_carea' id='block_1_8' title="bbox 0 0 1366 4612">
    <p class='ocr_par' dir='ltr' id='par_1_15' title="bbox 0 0 1366 4612">
     <span class='ocr_line' id='line_1_34' title="bbox 0 0 1366 4612; baseline 0 0"><span class='ocrx_word' id='word_1_212' title='bbox 0 0 1366 4612; x_wconf 95' lang='lat' dir='ltr'><strong> </strong></span> 
     </span>
    </p>
   </div>
  </div>
 </body>
</html>
