2722 4612
572 400 771 464 ..15-

167 600 214 654 set
229 589 265 674 ¹),
285 587 443 653 reicimus.
488 586 563 669 Qua
585 586 672 653 dere
693 585 845 670 quoniam
881 584 959 651 haec
993 587 1070 652 satis
1100 585 1187 653 dicta

165 691 325 770 videntur,
347 690 381 754 in
406 687 616 774 sequentibus
638 689 907 775 paucaaddamus
920 691 960 757 de
977 688 1079 756 liuius
1101 691 1186 775 epir-

165 784 317 860 rhematis
340 792 584 879 significatione,
604 815 642 858 nc
658 792 898 879 proficiscamur
919 795 1051 878 quidem
1072 782 1187 861 a'Sui-

165 899 224 963 dae
246 898 461 977 annotatione,
484 897 541 981 qui
564 896 699 964 docetd
739 898 890 983 usurpari
922 897 988 978 μετ’
1010 899 1187 990 ἐκπλήξεως

165 1009 217 1069 καὶ
240 1002 506 1086 παρακελεύσεως,
528 1024 626 1086 quarn
650 1000 892 1095 explicationem
930 1022 1040 1068 omnes
1074 1014 1104 1069 et
1126 1002 1186 1068 So·

167 1104 289 1190 phoclis
311 1114 343 1170 et
367 1104 534 1191 Euripidis
556 1107 628 1184 loci,
657 1105 714 1189 qui
737 1106 819 1171 hunc
842 1109 987 1172 voculam
1011 1106 1187 1186 continent,

168 1207 319 1274 videntur
341 1207 556 1295 comprobare.
600 1208 747 1274 Primum
779 1208 879 1289 igitur
911 1208 1102 1294 exprimitur
1123 1208 1184 1274 hac

165 1311 382 1387 interiectione
401 1325 503 1379 terror
525 1313 618 1377 novis
640 1324 736 1396 atque
757 1311 968 1398 inexpectatis
999 1311 1095 1378 rebus
1121 1313 1180 1377 ali-

168 1415 221 1479 cui
234 1415 381 1494 iniectus,
398 1427 435 1483 ut
456 1417 489 1481 iu
514 1415 627 1501 l'lurip.
653 1415 765 1482 Bacch.
786 1438 815 1484 v.
839 1416 912 1494 586,
934 1416 968 1479 in
991 1415 1187 1499 quochorus

172 1519 396 1585 bacchantium
420 1517 646 1585 Thebanorum
670 1518 803 1585 Penthei
827 1518 923 1583 domo
946 1516 1054 1584 subito
1077 1531 1188 1586 ruente

166 1623 445 1690 vehementissime
467 1623 651 1709 perterritus
664 1621 964 1688 haecvociferatur:
987 1621 1026 1692 ἆᾶ
1064 1624 1070 1710 Ι
1110 1625 1188 1707 τάχα

167 1727 206 1794 τὰ
229 1733 377 1809 Πενθέως
416 1727 422 1812 1
476 1732 620 1811 μέλαθρα
648 1727 854 1806 διατινάξεται
889 1726 1060 1809 πεσήμασιν
1088 1734 1120 1792 ei
1155 1730 1188 1792 in

170 1855 198 1898 v.
222 1834 303 1898 596:
326 1842 393 1900 XO.
415 1829 435 1898 ἆ
457 1829 502 1915 ἆΙ
548 1840 614 1914 πῦρ
645 1829 684 1896 ου’
707 1829 844 1919 λεύσσεις
872 1828 940 1896 odd'
974 1829 1098 1913 αὐγάζει
1130 1843 1188 1898 etc.

168 1935 230 2001 Sed
254 1935 291 2012 is,
313 1956 410 2018 quern
433 1945 534 1998 terror
556 1944 654 2016 atque
688 1954 791 2018 angor
828 1948 956 2018 repente
977 1933 1111 2012 invadit,
1133 1957 1189 2000 ex·

169 2037 357 2103 clamatione
380 2037 488 2121 aliqua
510 2036 627 2100 emissa
650 2034 831 2121 periculum
844 2035 1015 2100 imminens
1038 2058 1057 2099 a
1079 2059 1112 2101 se
1133 2046 1190 2103 aut

169 2141 210 2206 nb
232 2141 302 2205 nliis
320 2140 427 2205 studet
448 2160 564 2203 arcera
609 2136 684 2219 Qua
707 2138 853 2202 decanea
873 2158 947 2201 curn
970 2135 1064 2205 illud
1092 2161 1190 2206 vocu-

168 2245 216 2309 lae
239 2244 415 2328 ἐκπλήξεως
439 2241 568 2306 notione
593 2261 720 2326 semper
742 2241 805 2305 t'ere
827 2240 926 2305 altera
949 2240 1070 2307 scilicet
1091 2269 1189 2328 παρα·

169 2347 339 2426 astaturos
362 2346 598 2422 commiscetur,
620 2365 720 2428 quarn
756 2343 894 2408 ruo-xime
924 2343 1055 2427 quidem
1089 2345 1192 2431 impe-

168 2449 277 2515 diendi
299 2448 407 2534 potius
430 2447 479 2514 vel
502 2447 660 2513 retinendi
683 2447 819 2532 speciem
847 2469 922 2532 prae
955 2469 988 2512 se
1011 2453 1092 2514 ferre
1124 2471 1190 2515 non

171 2553 288 2618 mirum
311 2564 358 2617 est
382 2561 512 2637 propter
535 2550 842 2617 universamhorum
865 2550 1006 2617 locorum
1031 2566 1188 2620 naturam.

169 2660 220 2725 It'e
242 2656 367 2733 Medea,
389 2675 499 2719 secum
523 2664 685 2740 reputans,
707 2664 816 2720 utrum
840 2653 947 2720 liberis
980 2657 1093 2722 occisis
1115 2679 1191 2724 con·

170 2762 279 2846 iugem
300 2758 476 2823 'ulciscatur
498 2779 605 2836 necne,
627 2758 730 2845 ipsius
752 2756 884 2822 consilio
917 2764 1049 2824 scelesto
1071 2768 1192 2846 perter-

170 2865 231 2926 rita
253 2859 332 2925 dicit
352 2859 388 2923 in
410 2881 442 2924 v.
467 2861 568 2926 1056:
591 2858 653 2929 ἆᾶ
704 2861 710 2948 Ι
762 2861 805 2946 μή
835 2868 912 2947 δῆτα
941 2869 1032 2944 θυμὲ,
1054 2864 1097 2949 μή
1118 2863 1194 2932 ποτ’

171 2961 285 3050 εργάσμ
308 2964 389 3031 τάδε.
434 2961 588 3030 Similiter
609 2965 643 3029 in
667 2963 950 3051 EuripAndrom.
976 2987 1004 3032 v.
1029 2967 1121 3045 1076,
1134 2966 1191 3034 ubi

171 3069 299 3147 chorus,
331 3089 406 3134 cunr
439 3067 574 3134 Peleuru
608 3089 716 3135 senem
746 3069 861 3134 nuntio
883 3067 923 3133 de
944 3067 1069 3153 nepotis
1091 3079 1192 3136 morte

171 3171 267 3237 allato
299 3172 406 3236 auimo
429 3171 567 3256 relinqui
591 3171 815 3257 summittique
848 3192 933 3257 genu
977 3171 1096 3249 videet,
1136 3194 1192 3237 ex·

172 3281 306 3342 claruet:
330 3286 395 3344 XO.
428 3274 499 3352 ἆᾶ,
522 3284 554 3342 τί
583 3277 714 3362 δράσεις,
747 3272 914 3360 ὧγεραιέ;
943 3274 985 3360 μὴ
1012 3281 1107 3359 πέσῃς
1120 3266 1143 3308 ·’
1168 3274 1173 3362 1

173 3384 279 3466 ἔπαιρε
311 3381 442 3448 σαυτόν.
501 3381 623 3449 Eadem
647 3379 839 3468 significatio
871 3378 1066 3464 perspicitur
1096 3379 1193 3446 iniis

172 3485 259 3565 locis,
282 3484 338 3550 ubi
360 3484 404 3563 id,
426 3485 513 3568 quod
535 3497 583 3551 est
604 3483 634 3565 ἆ,
656 3489 752 3551 semel
773 3483 957 3561 collocatur,
980 3499 1018 3547 ut
1038 3482 1071 3547 in
1095 3483 1193 3570 Soph.

173 3587 254 3656 Phil.
276 3611 307 3658 v.
335 3590 437 3654 1300:
471 3599 537 3656 ΝΕ.
571 3586 600 3666 ἆ,
633 3594 796 3672 μηδαμῶς,
819 3585 862 3671 μὴ
883 3585 965 3670 πρὸς
988 3596 1073 3654 θεῶν
1094 3597 1192 3671 μεθῇς

171 3698 271 3773 βέλος.
315 3690 487 3757 Nonnullis
510 3690 624 3756 deinde
646 3692 680 3756 in
703 3691 780 3756 locis
805 3690 845 3754 nd
868 3689 995 3754 terroris
1018 3690 1068 3756 vel
1090 3691 1193 3756 admi·

261 3918 294 4002 1)
313 3922 343 3976 in
365 3921 445 3982 lexic.
469 3921 598 3995 Sophoel.
618 3939 640 3980 s.
660 3940 684 3983 v.
706 3911 734 3983 ἆ.
754 3921 788 3978 de
810 3918 889 3976 huius
905 3918 979 3977 socia
1014 3928 1128 3978 occentu
1154 3924 1191 3979 cl.

173 4009 270 4071 Arcud.
291 4026 320 4084 p.
345 4004 417 4078 182,
440 4001 467 4070 8.
511 4008 550 4070 10.
572 4006 721 4073 Alexandr.
745 4003 798 4076 31,
814 4003 843 4068 8.
