2722 4612
623 354 812 417 -8-

205 569 340 613 mannus
362 545 402 608 all
425 545 566 628 integros
590 540 736 608 restituit.
780 537 893 622 Neque
914 561 989 604 voro
1031 539 1227 623 neglegenda

205 660 290 728 sunt,
313 670 394 732 quae
409 648 492 712 idem
517 646 566 709 vir
588 645 793 708 doctissimus
815 654 945 708 annotet
958 642 1119 707 dehorum
1143 646 1225 728 epir-

206 753 387 818 thematum
421 751 451 813 vi
486 749 762 833 ononmtopoiitica
796 747 979 832 docens¹):
1016 749 1071 822 „ln
1106 747 1225 830 quibus

208 855 395 920 manifestus
430 863 476 917 est
510 852 731 937 ingravescens
767 851 1034 916 vehementissimi
1068 853 1228 916 cruciatus

206 962 356 1046 impetus.
402 955 581 1042 Aptissime
602 964 710 1021 autem
745 954 799 1018 illa
832 944 942 1019 crebra
975 954 1122 1040 repetitio
1144 953 1228 1020 litte·

210 1086 263 1130 rae
275 1061 551 1149 apalpitationem
575 1059 639 1123 oris
661 1069 693 1122 et
713 1057 925 1134 maxillarum,
948 1080 1030 1142 quae
1042 1057 1227 1123 huiusmodi

206 1167 352 1232 dolorum
375 1165 505 1251 propria
527 1170 584 1240 est,
606 1161 785 1248 exprimit.“

292 1269 437 1334 Eandem
460 1277 608 1333 naturam
630 1277 737 1352 aperte
768 1287 845 1351 proc
878 1287 912 1330 se
941 1273 1045 1330 ferens
1067 1265 1230 1330 invenitur

207 1384 368 1459 praeterea
388 1372 423 1436 iu
445 1371 555 1437 eodem
578 1369 775 1435 Philoctetae
797 1374 865 1434 loco
889 1369 967 1434 huic
990 1367 1154 1433 simillima
1174 1390 1229 1434 ex·

210 1475 357 1542 clamatio

694 1663 737 1729 ll.

627 1767 814 1836 ἀτταταῖ

212 1912 294 1974 quae
317 1911 381 1953 non
403 1887 494 1953 aliter
505 1887 647 1972 corporis
659 1887 746 1952 hunc
764 1889 905 1953 dolorem
919 1890 1231 1955 vehementissimum

211 1993 377 2074 significat.
422 1990 690 2058 Cuiusvooabuu
714 1992 753 2056 ‹le
776 1992 932 2057 scribendi
945 1994 1068 2059 ratione
1089 1993 1140 2060 Jo.
1152 1992 1231 2057 Ale·

213 2097 390 2162 rmndrinus
414 2095 461 2161 ed.
486 2094 629 2159 Dintlorf
647 2117 677 2180 p.
700 2097 751 2170 36,
777 2097 814 2160 12
839 2117 907 2178 sqq.
928 2100 1004 2161 haec
1027 2095 1234 2182 praescribit?

220 2201 260 2270 Τὰ
282 2207 314 2266 δὲ
336 2200 549 2282 σχετλιαστικὰ
572 2210 637 2266 τῶν
669 2206 709 2278 εἰς
741 2216 775 2266 αῖ
795 2207 847 2266 καὶ
875 2217 909 2265 αῖ
941 2198 1059 2282 ἄλογον
1092 2199 1233 2281 ἔχειτὸν
1264 2205 1269 2212 ’

214 2308 328 2373 τόνον.
351 2303 371 2372 ἃ
391 2310 448 2382 μὲν
468 2304 527 2388 γὰρ
547 2303 655 2371 αὐτῶν
675 2315 872 2387 περισπᾶται,
907 2303 951 2383 ὡς
984 2304 1023 2370 τὸ
1050 2303 1142 2370 ὀττοῖ
1162 2307 1234 2385 ἕχον

215 2414 508 2492 συμπαρακείμεναν
539 2414 592 2473 καὶ
617 2406 655 2474 τὸ
683 2406 818 2472 α’τταταῖ.
846 2414 899 2473 καὶ
931 2406 972 2474 τὰ
1003 2414 1069 2474 αἰαῖ
1088 2415 1140 2474 καὶ
1160 2413 1234 2483 αἰαῖ,

215 2522 311 2592 σαβοῖ
329 2537 372 2586 τε,
395 2517 447 2576 καὶ
469 2509 508 2576 τὸ
529 2516 615 2590 αἰβοῖ
634 2517 687 2576 καὶ
719 2509 757 2576 τὸ
788 2520 884 2590 codol
914 2511 989 2595 παρ’
1027 2510 1168 2578 statutt
1200 2513 1234 2576 ἐν

215 2614 394 2696 camard).
437 2610 588 2679 Occurrit
609 2620 716 2679 autem
740 2613 773 2677 iu
797 2635 848 2678 vv.
872 2613 939 2679 bis:
961 2612 1154 2700 SopbPhil.
1171 2614 1232 2678 742

197 2843 336 2917 vscriptae
363 2852 444 2918 eterne
465 2844 679 2916 interpunctas:
702 2838 866 2906 ἀπαπαπαῖ.
889 2851 984 2907 nand·
1012 2851 1112 2910 πακᾶ.
1136 2865 1237 2906 παπα-

218 2941 329 2992 παπαῖ.
375 2931 453 2998 Quae
474 2928 544 2984 mira
565 2927 751 3004 interpunctio
772 2949 805 2986 ea
826 2949 861 2988 ex
882 2949 913 2987 re
945 2941 1011 2988 nata
1039 2931 1147 2986 videtur
1167 2949 1237 3001 esso,

218 3018 289 3089 quod
311 3015 400 3072 scriba
420 3015 540 3090 quidam,
563 3032 624 3070 curn
646 3035 698 3072 vox
721 3015 828 3089 longior
850 3025 931 3089 atque
953 3017 1057 3090 ignoto,
1079 3017 1107 3071 in
1130 3018 1235 3090 quasa·

218 3101 271 3158 cilc
292 3101 363 3157 oculi
385 3103 511 3158 abcrrarc
536 3113 657 3173 possent,
680 3120 709 3158 se
730 3102 756 3158 ei
778 3095 902 3172 offerret,
924 3103 995 3159 banc
1011 3102 1119 3176 punctis
1142 3101 1235 3158 insin·

219 3187 297 3260 gulas
320 3187 381 3242 illas
405 3196 498 3260 partes
521 3186 647 3243 iambicos
668 3187 773 3243 divisas
795 3187 947 3260 descripsit.
993 3189 1100 3246 Similia
1121 3187 1236 3262 perfecit

223 3273 253 3328 in
274 3293 300 3330 r.
326 3270 386 3328 753
411 3292 464 3328 uon
488 3272 596 3346 punctis
619 3276 666 3329 sed
689 3269 845 3331 accentibus
879 3273 907 3328 in
940 3274 1037 3330 ictibus
1069 3276 1237 3346 singulorum

219 3359 367 3414 iamborum
388 3357 494 3431 positis,
518 3377 578 3413 cum
607 3359 737 3416 scriberet
765 3353 1008 3422 πάπαπάπᾶπαῖ.
1042 3381 1095 3434 quo
1115 3361 1144 3416 in
1167 3362 1237 3431 loco,

220 3456 251 3500 ut
280 3446 365 3500 codex
380 3443 498 3517 optimus
521 3444 600 3500 testis
631 3457 682 3514 est,
703 3463 793 3500 errore
809 3445 921 3516 cognito
942 3455 1005 3519 post
1025 3448 1087 3504 illos
1110 3459 1237 3503 accentus

220 3530 326 3586 addidit
354 3531 469 3586 alteram
495 3552 518 3591 tt
548 3529 676 3589 litteram.
721 3532 806 3587 Recte
839 3530 923 3603 igitur
954 3535 1005 3589 hoc
1025 3535 1055 3589 in
1077 3553 1154 3590 versu
1182 3531 1236 3605 pri·

221 3636 279 3671 mus
301 3616 454 3673 Brunclrius
485 3615 512 3671 id
539 3619 611 3688 quod
635 3628 678 3672 est
704 3630 992 3680 connumerasset
1016 3619 1045 3675 in
1080 3627 1237 3676 contextum

219 3705 362 3759 verborum
382 3702 487 3775 recepit
509 3701 577 3774 (nisi
605 3705 676 3777 quod
704 3697 866 3776 ὀξυτόνως
890 3700 1023 3784 scripsit).

308 3783 341 3866 1)
364 3790 399 3848 ef.
428 3788 541 3845 eiusad
565 3790 590 3850 h.
612 3808 680 3850 vers.
710 3801 802 3851 annot.

306 3869 340 3952 2)
372 3876 406 3936 of.
419 3883 506 3948 praet.
526 3875 628 3934 Herod.
651 3875 693 3937 ed.
708 3877 803 3934 Lenta.
826 3872 950 3946 11,933.
969 3877 1007 3956 11,
1026 3870 1237 3958 428(Theogn.

223 3956 294 4030 158,
315 3953 371 4041 25)
395 3961 491 4026 Arcad.
516 3959 586 4032 183,
614 3959 660 4023 18.
