2722 4612
576 383 768 448 „5-

171 575 232 636 bue
254 572 463 636 coniunctum
487 593 560 636 curn
596 571 667 636 aliie
701 572 922 656 epirrhematis
954 572 1125 638 adhibetur
1146 576 1188 640 ad

171 674 412 739 lamentationes
435 675 571 739 acriores
594 673 787 743 efficiendae,
813 686 849 739 ut
872 674 906 738 in
928 674 1042 761 Eurip.
1066 675 1187 743 Aloeat.

172 800 201 840 v.
235 778 308 851 226,
341 798 437 859 quem
475 799 573 862 supra
606 777 784 847 attulimus,
818 799 880 843 non
919 783 1009 844 aliter
1031 792 1128 862 atque
1153 781 1187 844 in

172 880 284 965 Suppl.
308 902 336 943 v.
365 882 457 958 1132,
481 879 535 944 ubi
559 898 662 948 παπαῖ
682 901 746 944 vox
768 883 959 966 geminatur.
1016 882 1188 947 Accedunt

171 996 333 1067 praeterea
356 982 450 1067 Soph.
474 982 556 1050 Phil.
578 1006 629 1049 vv.
653 986 767 1069 tattsso
791 996 822 1048 et
846 987 963 1071 tettae
997 985 1053 1050 ubi
1086 1001 1190 1052 παπαῖ

170 1098 228 1166 φεῖ
250 1085 299 1150 vel
324 1097 382 1167 φεῦ
403 1103 507 1152 παπαῖ
527 1087 654 1171 legitur,
683 1096 764 1171 quoe
798 1087 837 1151 ad
862 1088 947 1152 locos
971 1088 1001 1151 id
1026 1101 1188 1173 praeterea

170 1202 218 1255 eat
237 1189 468 1264 annotandum,
488 1206 593 1255 παπαῖ
612 1191 861 1254 interiectionem
886 1199 923 1255 ut
937 1192 1094 1270 longiores
1116 1190 1186 1254 illae

73 1371 77 1384 .
170 1299 297 1370 formae,
331 1294 370 1355 ‹le
403 1291 522 1372 quibus
557 1305 665 1375 prtstea
698 1295 756 1357 erit
789 1294 1033 1378 disputandum,
1062 1295 1124 1358 (lici
1147 1295 1187 1359 de

171 1397 312 1482 corporis
348 1397 449 1472 malie,
483 1406 565 1477 qu'ae
599 1397 686 1459 notio
719 1399 813 1461 ctiam
837 1395 981 1461 subiecta
1003 1409 1050 1462 eet
1086 1415 1189 1465 παπαῖ

170 1501 228 1566 aoli
261 1500 294 1563 in
327 1499 469 1563 eiusdem
503 1499 685 1582 tragoediae
717 1523 745 1564 v.
771 1503 843 1570 745,
911 1500 1007 1581 Quod
1042 1522 1116 1566 vero
1138 1513 1187 1566 at·

171 1605 249 1669 tinet
271 1603 309 1667 ad
334 1614 455 1666 ceteros
489 1601 584 1679 locos,
620 1602 673 1665 ubi
706 1604 787 1667 hano
821 1609 966 1667 voculam
1000 1604 1187 1688 reperimus,

171 1719 253 1772 recte
276 1709 309 1770 in
333 1706 518 1769 universnm
544 1705 747 1770 Herodianus
784 1707 944 1789 ceterique
976 1706 1187 1790 grammatici,

172 1833 309 1894 quorum
335 1831 433 1892 supra
456 1815 538 1871 lacta
560 1818 606 1872 est
630 1809 758 1884 mentio,
781 1831 850 1872 eam
875 1808 1038 1894 appellant
1049 1820 1187 1889 σχετλια-

171 1915 455 1995 trinovantum
478 1914 496 1976 i.
521 1935 547 1976 e.
572 1913 690 1975 ‹lolorie
719 1911 993 1988 exclamationem,
1024 1934 1096 1975 oum
1122 1934 1186 1976 uno

169 2018 320 2090 inversu,
344 2015 457 2100 Eurip
474 2016 605 2099 (syclop.
620 2019 692 2090 572,
715 2015 910 2097 significetur
921 2015 1086 2079 delectatio
1109 2036 1184 2079 eon-

169 2120 279 2184 iuncta
307 2141 381 2182 cum
411 2118 531 2182 laetitia
553 2131 649 2202 atque
681 2119 903 2188 admiratione.
939 2119 1079 2202 Cyclops
1102 2119 1187 2181 enim

170 2223 282 2288 vinum
306 2222 346 2286 ab
370 2221 468 2286 Ulixe
491 2229 657 2316 acceptum
683 2229 778 2306 potus
801 2227 968 2286 exclamat:
990 2237 1111 2295 παπαῑς
1134 2240 1184 2288 σο·

171 2328 234 2408 σόν
253 2353 286 2408 ye
308 2327 346 2392 τὸ
369 2327 466 2404 ξύλον
488 2338 542 2410 τῆς
564 2324 715 2403 ἀμπέλου.

258 2429 378 2506 Restat,
402 2442 437 2492 ut
460 2449 563 2512 pauca
584 2427 741 2491 addamus
764 2429 811 2492 tle*
829 2427 888 2492 hac
911 2449 988 2492 voce
1003 2438 1188 2509 σχετλιαστι·

171 2545 235 2611 κῶς
259 2543 423 2617 usurpata,
448 2540 486 2594 ut
508 2553 588 2607 carn,
611 2552 707 2613 quam
736 2530 873 2595 maxime
896 2530 1088 2615 potestfieri,
1110 2553 1190 2595 ace-

170 2635 244 2698 teris
268 2635 532 2720 epiphonemata,
556 2633 675 2716 quibua
699 2635 810 2698 similis
834 2634 943 2698 subest
967 2631 1026 2709 vie,
1047 2654 1189 2712 segrege·

169 2761 250 2801 mus.
293 2739 487 2820 Quanquam
513 2759 588 2801 vero
611 2760 628 2800 e
652 2738 796 2821 qttinque
818 2737 895 2807 loeis
930 2741 990 2798 huc
1025 2736 1188 2819 pertinen-

169 2840 256 2904 tibus
279 2841 311 2905 in
337 2863 530 2923 unoquoque
568 2849 631 2904 tere
654 2841 742 2904 varia
776 2840 884 2923 aliqua
917 2838 1035 2902 doloris
1067 2841 1186 2924 species

168 2944 373 3028 perspicitur,
397 2956 502 3007 tamen
527 2944 559 3007 in
581 2944 731 3010 omnibus
753 2944 785 3006 iu
809 2955 855 3006 eet
867 2943 1186 3007 animadvertendum

166 3065 271 3113 nouat
287 3059 525 3129 σχετλιαστικοῖς
548 3047 718 3111 exclamari
735 3068 797 3110 non
820 3045 852 3108 in
876 3044 1019 3130 longiore
1051 3045 1187 3112 alicuius

167 3151 404 3228 lamentatione,
426 3151 482 3215 sed
506 3150 538 3213 in
563 3151 702 3215 (luorum
727 3149 879 3213 dramatis
891 3170 1100 3232 personarum
1123 3173 1187 3215 ser·

167 3275 260 3319 mone
283 3254 350 3320 eive
374 3254 493 3319 melicis
516 3255 550 3317 in
584 3252 731 3338 partibus
767 3250 863 3316 obvio
898 3252 965 3315 eive
989 3251 1021 3314 in
1046 3252 1117 3337 ipso
1139 3254 1188 3317 ‹li-

162 3356 284 3428 verbio.
332 3357 521 3442 Exprimere
542 3356 627 3422 enim
651 3356 780 3420 videtur
791 3372 896 3421 παπαῖ
917 3356 1058 3419 dolorem
1082 3379 1181 3442 quen·

166 3461 240 3524 dam
264 3482 348 3525 nova
371 3473 469 3545 atque
492 3461 634 3524 nondum
661 3467 732 3524 nota
758 3458 807 3522 vel
830 3458 976 3522 nondum
999 3482 1187 3526 commemo·

165 3577 232 3628 rata
255 3565 386 3647 quidem
412 3587 443 3628 re
466 3563 573 3627 subito
596 3563 690 3627 alicui
715 3562 867 3626 iniectum
901 3562 950 3627 vel
974 3563 1081 3628 denuo
1103 3567 1187 3629 exci-

161 3676 274 3732 tatum.
320 3671 367 3732 Ita
390 3666 541 3747 leguntur
564 3668 595 3729 in
620 3664 716 3750 Soph.
751 3663 830 3731 Oed.
855 3666 922 3729 Col.
959 3689 1008 3730 vv.
1033 3670 1094 3732 542
1118 3690 1185 3752 sqq.

162 3770 253 3837 haee:

245 3884 313 3941 XO.
337 3875 478 3949 δύστανε,
501 3874 628 3957 esyci&
651 3875 731 3940 ἔθου
753 3875 856 3956 φόνον

251 3985 299 4044 OI.
323 3984 354 4042 τί
375 3987 492 4054 τοῦτος
516 3984 548 4042 τί
569 3976 596 4042 ‹5’
619 3977 733 4056 ἐ9ἐλεις
753 3985 889 4060 uatem
