2722 4612
573 398 775 457 ,7-

250 592 316 649 ΧΟ.
337 581 473 666 αατρός;
500 593 550 652 01.
572 599 686 660 παπαῖ,
710 589 858 664 δευτέραν
880 589 1007 663 ἔπαισας
1029 588 1079 650 ἐπὶ
1097 584 1184 670 νόσῳ

775 689 882 763 νόσον.

250 787 405 853 Similiter
426 808 531 858 παπαῖ
551 791 670 856 dicitur
690 793 723 854 in
749 791 861 877 Enrip.
896 790 1027 875 Cyclop.
1057 814 1087 854 v.
1112 792 1185 866 llo,

165 912 239 957 cum
261 915 414 977 angorem
437 896 545 980 potius
567 895 622 958 sed
646 895 824 960 similcmin
839 897 970 960 modum
984 906 1096 958 natum
1119 893 1186 978 sig-

167 994 273 1059 nificet
295 995 328 1059 in
352 995 464 1083 Eurip.
489 997 582 1063 Herc.
606 1004 668 1062 fur.
693 1022 722 1065 v.
749 1001 839 1064 1120.
887 997 1013 1063 Dolonis
1046 997 1185 1080 denique

166 1097 286 1162 notioni
315 1099 510 1166 admiscetur
531 1102 814 1167 commiserationis
838 1102 941 1167 visin
969 1101 1064 1185 Soph.
1088 1098 1186 1164 Elect.

166 1223 194 1264 v.
219 1204 291 1276 867,
314 1223 388 1266 cum
412 1205 607 1288 poenitentia
630 1204 992 1271 fectiinhonestisubito
1014 1220 1088 1268 nate
1110 1225 1185 1265 oon·

164 1305 275 1369 iuncta
298 1328 372 1371 cum
397 1309 608 1393 trepidatione
632 1321 662 1373 et
686 1308 807 1374 consilii
842 1309 950 1394 inopia
974 1306 1131 1371 indicetur
1152 1305 1186 1368 in

165 1406 264 1493 Soph.
288 1408 370 1474 Phil.
394 1433 421 1476 v.
444 1413 518 1482 895.
569 1411 632 1477 Sed
664 1414 725 1476 iam
760 1413 1001 1478 transeuntibus
1032 1408 1123 1474 nobis
1145 1407 1186 1472 ed

165 1522 294 1589 ceteras,
328 1535 408 1597 quas
441 1537 540 1600 supra
572 1516 789 1601 ascripsimus,
822 1534 927 1583 παπαῖ
958 1513 1185 1579 interiectionis

165 1615 285 1698 species
308 1616 448 1700 primum
471 1640 575 1702 {nauco
598 1619 733 1683 dicenda
755 1631 831 1683 sunt
855 1618 894 1682 de
927 1634 1078 1685 παπαπαῖ
1098 1637 1184 1688 voce,

165 1740 262 1801 quam
287 1732 370 1784 recte
392 1721 567 1786 restituisse
590 1744 755 1788 censemus
781 1722 991 1806 Lentingium
1014 1720 1046 1782 in
1073 1718 1184 1803 llurip.

167 1821 299 1906 Cyclop.
325 1846 353 1886 v.
378 1824 450 1901 503,
474 1824 529 1889 ubi
553 1825 679 1890 codices
702 1826 847 1890 similiter
867 1838 964 1908 atque
998 1824 1031 1886 in
1063 1822 1185 1907 Sopho·

166 1923 223 1988 elis
248 1925 302 1989 illo
321 1931 399 2004 loco,
422 1949 517 2010 quem
541 1928 945 2012 subindeaactabimusu,
970 1926 1052 1990 hane
1075 1948 1184 1990 vocem

126 2030 130 2047 ⁴
167 2028 365 2112 ineptissime
387 2030 579 2116 discerptam
603 2035 635 2095 in
659 2045 703 2100 πᾶ
724 2045 768 2099 πᾶ
788 2044 834 2099 πᾶ
862 2031 1000 2114 syllabas
1024 2028 1185 2114 praebent.

168 2130 227 2196 Est
248 2144 355 2196 autom
381 2151 532 2200 παπαπαῖ
567 2141 625 2200 hoe
654 2136 723 2200 loeo
746 2135 884 2199 laetitiae
916 2133 1186 2215 exaltationisque

169 2235 359 2300 exclamatio
383 2237 534 2322 Cyclopis
570 2237 610 2303 ab
644 2239 741 2304 Ulixe
774 2238 852 2303 ebrii
887 2236 1006 2322 faerit).
1052 2239 1104 2304 Ab
1128 2238 1187 2300 hac

167 2339 305 2423 deniquo
329 2363 459 2425 prorsus
482 2342 616 2406 alienam
634 2342 898 2428 significationem
922 2344 1095 2408 ostendunt
1117 2342 1186 2406 lon-

166 2443 268 2527 giores
291 2445 514 2527 gravioresque
537 2444 772 2510 lamentationis
795 2447 960 2522 formulae,
992 2469 1075 2530 quae
1097 2446 1185 2508 inve·

168 2547 302 2613 niuntui·
315 2548 347 2610 in
362 2547 415 2611 illo
431 2547 624 2612 Philoctetae
637 2548 831 2635 Sophocleee
844 2551 922 2627 loco,
947 2550 1002 2616 ubi
1015 2550 1076 2626 hie,
1099 2556 1187 2633 post-

167 2672 263 2733 quam
288 2650 343 2714 diu
375 2650 501 2714 studuit
539 2650 685 2715 morbum
720 2653 940 2718 foedissimum
975 2652 1187 2728 dissimulare,

167 2775 293 2819 suntme
317 2752 347 2815 ci
371 2755 439 2818 cius
461 2768 642 2839 superatus,
666 2779 782 2840 aragne
807 2780 882 2821 voce
904 2757 1108 2837 ingemiscere
1140 2767 1187 2819 at·

167 2879 230 2941 que
254 2857 418 2921 vociferari
442 2856 580 2943 cogitur,
603 2858 784 2923 exclamans
797 2883 825 2922 v.
837 2861 897 2925 745
920 2879 1002 2942 sqq.:
1024 2861 1186 2935 ἀπόλωλα,

168 2965 299 3026 τέκνου·
334 2963 501 3043 potiuerim,
537 2969 666 3028 τέκνου·
696 2981 802 3030 παπαῖ
846 2963 850 3048 l
898 2964 1100 3037 αἀαππαααῖ,
1131 2990 1187 3029 πα-

167 3083 582 3132 παππαααππαπαππαπαῖ.
604 3082 634 3129 ct
657 3067 690 3130 in
715 3089 743 3131 v.
767 3068 844 3132 754:
867 3083 1163 3133 παππαααπααααῖ.

256 3170 346 3252 Quos
369 3169 463 3244 locos,
486 3190 559 3233 cum
584 3169 706 3233 codices
729 3169 866 3254 ineptias
889 3170 1024 3235 babeant
1038 3170 1075 3254 ⁹),
1110 3169 1188 3233 ller-

203 3361 375 3394 ,ΜΜἽΜ

259 3486 289 3552 l)
309 3493 344 3545 ct'.
369 3508 395 3560 p.
420 3489 440 3548 Β
462 3498 555 3545 annot.
581 3487 609 3549 1.

256 3571 289 3652 2)
311 3574 394 3631 simili
407 3593 467 3628 cunr
490 3574 515 3628 vi
538 3586 620 3648 atque
645 3575 756 3630 notione
778 3573 859 3628 etiam
882 3576 978 3647 βαβαί
998 3583 1026 3629 et
1049 3570 1188 3648 παπαιάξ

170 3663 198 3717 in
222 3665 315 3718 eadem
339 3659 430 3715 fabule
463 3660 581 3731 satyrica
604 3670 701 3716 extant
723 3660 752 3714 in
774 3679 815 3714 vv.
850 3659 909 3716 scil.
943 3656 1013 3727 156,
1051 3657 1119 3726 152,
1155 3662 1189 3714 de

168 3748 265 3822 quibus
288 3751 321 3803 ab
345 3745 528 3818 Aristophane
550 3746 656 3818 saepius
679 3744 814 3817 usurpetis
844 3748 881 3803 cs.
915 3744 979 3800 diss.
1012 3764 1093 3818 quam
1125 3765 1189 3799 oon-

170 3833 280 3905 scripsit
304 3836 335 3893 Α.
358 3831 797 3892 Schinckiusdeintorieotionum
810 3830 1101 3904 epiphonematumque
1119 3833 1189 3902 apud

171 3919 382 3992 Aristophanem
404 3916 431 3971 vi
453 3925 534 3990 etque
555 3937 604 3972 usu
627 3936 653 3989 p.
679 3912 728 3989 15,
752 3913 801 3971 29.
1101 3918 1103 3924 ’

256 4002 291 4064 31
312 4008 356 4062 Ita
373 4001 545 4080 reperiuntur
567 4003 595 4059 in
614 4004 678 4066 cod,
700 4005 746 4062 Le.
768 4023 793 4056 v.
820 3999 879 4062 746
913 4001 1116 4058 interiectiones
1148 3995 1190 4058 sic
