2722 4612
598 417 782 479 ...11-

171 600 284 686 ἢ-τίνα
306 612 430 681 μοῦσαν
451 604 575 667 ἐπέλθω
615 600 621 684 Ι
661 600 811 683 δάκρυσιν
842 599 1014 686 ἢθοήνοις
1045 601 1196 687 dudode-

171 725 241 786 σονς
261 709 277 772 ’ἑ
298 707 315 771 ἒ
326 704 364 789 ¹)-

254 810 288 893 2)
310 807 441 872 additur
462 806 564 892 igitur
585 810 720 871 alterum
735 806 958 892 anaphonema
979 820 1016 873 ut
1037 808 1071 872 in
1092 807 1192 894 Soph.

174 912 272 977 Elect.
302 935 353 976 vv.
390 911 451 975 827
485 920 517 974 et
540 911 623 980 840:
663 912 717 976 ἒέ
746 917 814 977 αἰαῖ
833 917 867 974 et
886 914 901 976 l
923 913 939 977 ἒ
959 911 1007 985 ἰώ,
1031 932 1106 975 cum
1128 934 1195 978 uno

172 1017 206 1080 in
229 1038 323 1080 versu
346 1012 494 1077 Trachin.
521 1016 603 1079 1025
626 1018 685 1078 hoc
707 1020 861 1097 sequatur
876 1012 1116 1079 substantivum
1139 1036 1196 1080 vo·

172 1118 277 1183 cativo
299 1140 374 1183 cum
398 1133 493 1181 casu:
514 1120 530 1182 ἓ
552 1120 569 1183 ἒ
589 1116 627 1184 ἰὼ
649 1123 770 1194 δαῖμον.

256 1220 319 1286 Sed
343 1222 406 1286 iam
440 1221 584 1285 exoritur
617 1218 772 1304 quaestio,
802 1241 900 1302 quam
930 1219 1192 1304 significationem

169 1325 244 1389 huie
267 1325 398 1391 voculae
421 1323 647 1389 attribuamus.
702 1321 776 1404 Qua
810 1321 844 1385 in
877 1345 911 1390 re
933 1324 961 1387 si
983 1325 1124 1410 primum
1144 1326 1194 1392 in·

172 1416 326 1513 spicimus
350 1435 470 1493 veteres
492 1425 728 1512 grammaticos,
762 1425 849 1510 apud
886 1426 1019 1492 Suidam
1041 1432 1123 1494 hanc
1145 1452 1195 1496 re·

169 1530 346 1616 reperimus
374 1530 631 1595 annotationem:
670 1528 704 1597 'lt'
735 1533 751 1596 ἒ
762 1553 770 1569 ·
811 1532 966 1614 &sclopano
1004 1543 1189 1613 σχετλιαστι·

169 1634 228 1701 κόν
241 1634 280 1718 ²).

254 1735 351 1818 Quod
374 1746 582 1822 praeceptum
606 1736 664 1800 etsi
688 1737 722 1799 in
757 1735 944 1800 universum
978 1749 1101 1802 rectum
1124 1762 1193 1807 esse

169 1860 230 1902 non
255 1861 423 1925 negamus,
445 1850 493 1904 est
515 1838 603 1903 enim
625 1838 720 1902 etiam
744 1843 759 1905 t
780 1842 797 1904 ἒ
816 1850 853 1903 ut
870 1839 1024 1904 nimirum
1038 1846 1102 1907 fere
1123 1864 1192 1908 om-

169 1963 224 2006 nes
248 1943 480 2008 interiectiones
494 1941 580 2027 apud
596 1942 736 2026 tragicos
751 1941 863 2007 obviae
871 1941 1007 2008 dolentis
1029 1946 1192 2027 quoddam

167 2046 391 2130 epiphonema,
414 2059 523 2110 tamen
547 2046 709 2130 propriam
733 2051 916 2128 certamque
940 2045 1058 2111 doloris
1082 2049 1189 2116 vella·

168 2148 372 2214 mentationis
396 2151 504 2234 potius
527 2149 664 2233 speciem
688 2151 746 2211 bac
768 2147 1095 2217 voceindicarinobis
1118 2175 1190 2239 per·

168 2253 340 2330 suasimus,
363 2274 437 2318 cum
461 2251 735 2336 onomatopobtice
768 2251 814 2316 ita
845 2262 999 2336 putemus
1028 2276 1097 2320 eam
1121 2279 1189 2325 esse

167 2353 356 2439 adhibitam,
378 2367 414 2420 ut
438 2356 566 2420 dicatur
588 2354 627 2420 de
649 2355 789 2437 gemitus
811 2371 842 2420 et
853 2357 1028 2442 suspiritus
1051 2361 1191 2442 quodam

164 2479 281 2543 genere
291 2458 457 2525 flentium:
480 2459 669 2541 incepturus
690 2459 775 2523 enim
800 2458 875 2524 flere
896 2459 930 2523 in
953 2460 1113 2541 singultus
1135 2465 1194 2530 ali·

165 2583 244 2644 quas
268 2583 372 2640 voces,
403 2584 459 2628 nec
482 2561 608 2627 crebras
630 2562 772 2647 quidem,
796 2561 876 2626 solet
909 2584 1119 2651 prorumpere
1141 2566 1192 2633 his

166 2668 180 2730 ‘a‘
203 2669 219 2731 ἒ
240 2665 355 2730 litteris
377 2666 513 2751 carptim
535 2665 646 2731 effusis
669 2666 859 2732 simillimas.
905 2667 998 2749 Quae
1013 2667 1110 2733 flendi
1137 2693 1192 2735 no·
1223 2686 1228 2692 ·

164 2767 209 2832 tio
233 2768 396 2834 nonnullis
419 2770 452 2833 in
467 2769 543 2833 locis
565 2780 673 2853 aperte
696 2769 868 2848 indicatur,
891 2792 964 2835 cunr
989 2772 1110 2837 sivein
1133 2798 1191 2839 an·

166 2872 386 2937 tecedentibus
420 2874 488 2936 sive
520 2873 554 2935 in
579 2870 788 2956 sequentibus
812 2873 908 2938 fletus
937 2874 1047 2958 aliqua
1072 2878 1191 2944 mentio

164 2973 228 3041 fiat.
272 2977 320 3039 lta
343 2975 463 3040 dicitur
483 2976 516 3038 in
540 2973 639 3059 Soph.
664 2973 764 3040 Elect.
789 2999 840 3041 vv.
865 2980 937 3055 827,
968 2980 1117 3048 28:1m.
1142 2986 1196 3050 ld

165 3085 233 3143 οἰοῖ
251 3089 317 3146 XO.
342 3076 369 3145 ὦ
391 3096 458 3155 παῖ,
482 3087 513 3144 τί
535 3080 698 3162 ὀοκούεις;
722 3084 772 3144 vel
798 3079 831 3143 in
855 3079 969 3165 Eurip.
1001 3083 1070 3167 Iph.
1094 3081 1190 3150 Taur.

163 3203 192 3242 v.
227 3182 299 3243 147:
322 3186 337 3247 ’ἕ
360 3186 383 3258 ἒ,
408 3187 441 3249 ἐν
461 3189 593 3266 κηδείοις
618 3186 780 3254 οἴκτοισιν,
816 3183 881 3248 οἷαί
907 3208 962 3261 μοι
984 3187 1191 3264 ξνμβαίνονσ’

161 3281 242 3359 ἆται,
263 3286 420 3367 ξύγγονον
442 3285 524 3365 ἀμὸν
545 3292 784 3370 κατακλαομὲνᾳ
807 3286 910 3368 ebal).
934 3286 1080 3365 Accedit,
1103 3289 1191 3372 quod

162 3390 176 3451 t
197 3389 215 3453 ἔ
234 3388 393 3473 imprimis
415 3412 434 3453 a
457 3389 645 3456 mulieribus
668 3390 874 3471 exclamatur,
897 3389 942 3453 ita
963 3389 997 3453 in
1021 3390 1071 3456 his
1094 3392 1192 3461 locis:

171 3564 369 3574 .—--.-.·-q-—-.

249 3667 278 3744 l)
304 3689 358 3744 quo
388 3671 422 3727 de
460 3672 513 3728 loc.
545 3682 608 3745 post
635 3692 678 3747 ag.
717 3675 801 3730 ceteri
823 3695 887 3732 vero
907 3678 972 3750 loci,
1000 3677 1045 3734 ubi
1067 3678 1125 3734 solu
1147 3677 1189 3732 in·

161 3754 278 3824 venitur,
303 3756 456 3812 enumerati
478 3766 544 3813 sunt
566 3758 641 3832 inp.
668 3757 717 3818 12.

213 3837 280 3983 3226)
302 3843 451 3986 (19praet
476 3845 575 3900 Zonar.
609 3864 631 3905 s.
660 3865 702 3916 v.,
726 3847 817 3919 Etym.
840 3850 935 3923 Magn.
966 3869 989 3906 s.
1013 3869 1037 3906 v.
1058 3842 1188 3926 Ἐλεγος

161 3944 188 3998 p.
276 3967 286 3999 ,
350 3970 357 3984 .

247 4006 281 4092 3)
302 4013 339 4070 cl.
361 4022 449 4090 praet.
473 4014 568 4092 Eurip.
598 4015 661 4074 Hel.
685 4035 710 4075 v.
737 4013 806 4078 166.
