2722 4612
603 398 802 460 ..10-

195 582 314 649 tionem
327 583 561 670 notionemque,
583 585 724 669 primum
743 586 781 650 de
793 597 925 653 accentu
935 580 1147 652 conferendus
1164 593 1212 648 est

196 686 356 752 Arcadius
379 695 450 773 περὶ
468 689 574 756 τόνων
590 689 638 754 ed.
662 689 793 755 Barker.
817 714 846 776 p.
871 692 942 760 183,
966 689 1026 753 18:
1053 686 1093 754 Τὰ
1114 672 1209 764 εἰςοι

194 797 247 856 καὶ
261 779 346 870 aaa}
369 792 581 874 σχετλιαστικά
595 794 785 878 παραλόγως
806 807 1034 879 περισπῶνται,
1051 794 1208 865 όττοττοῖ,

194 892 270 969 erici,
294 913 405 965 παπαῖ.
427 896 548 973 όταταῖ,
569 896 651 981 πλὴν
683 909 743 964 τοῦ
773 900 814 973 αἴ,
848 897 930 971 οόαί,
959 906 1069 978 βαβαί·
1102 907 1160 961 etc.
1172 896 1210 979 ¹),

194 1019 260 1081 quo
282 997 316 1062 in
338 1013 506 1084 praecepto
540 997 626 1063 illem
665 1026 684 1064 τ
705 999 840 1063 litteram
875 1001 980 1084 inepte
1014 999 1209 1085 duplicatam

194 1101 399 1185 perspicuum
423 1124 489 1167 esse
510 1123 646 1166 errorem
669 1107 773 1166 elucet
795 1125 835 1167 ex
857 1125 977 1180 eorum,
1010 1124 1092 1188 quae
1113 1122 1212 1186 supra
1264 1128 1266 1135 ·

132 1260 136 1267 .
194 1204 410 1288 ascripsimus,
433 1205 651 1290 exemplorum
675 1204 852 1269 rationibus
876 1205 1023 1270 metricis.
1076 1205 1125 1269 De
1149 1209 1208 1286 sig-

195 1306 376 1372 nificatione
399 1309 530 1374 veroin
554 1308 739 1372 universum
762 1318 884 1372 rectum
915 1310 996 1374 vidit
1029 1306 1210 1392 Hesychius

194 1409 331 1475 docens:
354 1411 487 1481 ὀττοτοῖ
506 1418 667 1500 θρηνῶδες
700 1416 886 1494 ἐπίφθεγμα.
945 1409 1092 1476 Utuntur
1124 1412 1208 1476 enim

194 1510 244 1576 his
267 1513 400 1592 voculis,
423 1516 479 1598 qui
502 1537 576 1580 cum
599 1515 675 1581 fletu
700 1514 942 1594 ingemiscentes
974 1515 1134 1601 incipiunt
1157 1537 1211 1580 ve·

194 1615 374 1682 hementius
397 1615 561 1682 lamentari
585 1633 700 1684 sortem
723 1631 782 1684 aut
803 1641 893 1684 suam
924 1628 980 1684 sut
1003 1618 1138 1684 aliorum
1161 1620 1211 1682 in«

195 1718 329 1796 felicem,
353 1730 390 1785 ut
411 1721 529 1786 chorus
551 1722 583 1786 in
608 1722 719 1807 Eurip.
743 1722 835 1789 Herc.
871 1722 931 1786 fur.
965 1743 992 1784 v.
1016 1723 1102 1789 stt:
1142 1732 1209 1790 XO.

193 1822 351 1895 ὀτοτοτοῖ,
391 1825 556 1906 στέναξον,
586 1825 782 1909 ἀποκείρεται
822 1825 828 1911 Ι
869 1824 927 1891 σὸν
959 1823 1058 1904 ἄνθος
1083 1824 1210 1902 πόλεος,

194 1925 212 1994 ὁ
236 1928 310 2007 Διὸς
333 1930 476 2010 ἔκγονος.
501 1933 552 1992 vel
573 1930 605 1991 in
618 1928 774 1993 Androm.
799 1951 827 1998 v,
847 1931 926 1994 1197
951 1951 1032 2014 sqq.:
1055 1938 1119 1996 XO.
1141 1928 1211 1995 ότο·

194 2047 273 2098 τοῖ.·
316 2032 321 2115 Ι
377 2032 519 2098 θανόντα
549 2032 705 2099 δεσπόταν
726 2033 813 2113 γόοις
862 2036 868 2115 Ι
918 2033 1008 2119 νόμῳ
1041 2043 1088 2119 τῷ
1111 2037 1211 2115 νερτέ-

135 2180 140 2193 ›
194 2160 262 2218 ρων
284 2135 440 2219 κατόρξω.
485 2146 555 2202 ΠΗ.
578 2133 703 2201 ότοτοῑ·
743 2135 748 2220 Ι
789 2135 918 2216 όιόόοχα
941 2135 968 2201 δ’
992 2133 1133 2213 electae
1149 2134 1210 2216 ἐγώ

213 2237 218 2323 Ι
258 2243 360 2323 γέρων
382 2247 433 2306 καὶ
456 2240 608 2325 όνστνχὴς
630 2240 767 2325 δακρύω.

674 2531 732 2598 IV·

683 2641 699 2704 ἓ
720 2639 743 2704 ἒ.

278 2760 423 2826 Similem
447 2761 561 2824 deinde
583 2761 616 2824 in
641 2757 772 2822 modum
797 2770 893 2841 utque
928 2757 1014 2835 haec,
1036 2779 1118 2841 quae
1140 2779 1211 2840 per·

193 2864 409 2940 tractavimus,
432 2863 680 2948 epiphonemata
701 2862 796 2926 etiam
819 2867 833 2927 ὲ
855 2862 1003 2927 voculam
1026 2883 1093 2958 esse
1116 2857 1210 2923 intel·

193 2967 352 3053 ligeudam
373 2967 464 3032 valde
485 2966 522 3030 fit
545 2965 717 3051 probabile,
740 2963 766 3029 si
787 2965 967 3030 accuratius
986 2965 1019 3028 in
1033 2964 1102 3028 eius
1115 2982 1210 3025 usum

192 3071 416 3154 inquirimus
444 3069 629 3154 Usurpatur
651 3069 735 3134 enim
760 3069 837 3132 haec
859 3067 1047 3132 exclamatio
1070 3087 1106 3130 ec
1129 3089 1211 3130 sem·

195 3197 250 3259 por
273 3174 404 3257 quidem
430 3173 477 3237 bis
500 3173 604 3257 positu
626 3173 687 3237 alio
720 3170 875 3236 vocabulo
905 3193 968 3235 non
1001 3169 1121 3238 addito.
1152 3167 1213 3231 uisi

191 3282 289 3342 altera
310 3277 536 3342 interiectione.
583 3276 633 3341 Itu
655 3287 742 3342 extet

303 3386 334 3463 l)
358 3403 488 3464 prorsus
520 3380 586 3446 solu
617 3393 672 3446 aut
707 3380 810 3465 primo
845 3381 877 3443 in
911 3398 1055 3442 sermone
1077 3386 1134 3440 sut
1157 3396 1212 3438 ex-

192 3498 292 3553 tremo
315 3498 352 3552 ut
380 3485 414 3550 iu
438 3484 551 3572 Eurip.
574 3483 689 3550 Troad.
713 3508 743 3548 v.
768 3486 849 3548 278:
871 3494 933 3550 ΕΚ.
961 3486 1020 3548 ‘tt'-
1058 3482 1062 3567 l
1097 3480 1211 3564 ἄραοοι

191 3607 291 3681 κρᾶτα
328 3589 483 3675 κούριμον
522 3601 580 3658 etc.
620 3590 671 3655 vel
708 3589 741 3654 in
766 3587 877 3674 Eurip.
900 3587 972 3655 Hel.
996 3609 1025 3650 v.
1053 3587 1122 3652 166.

193 3738 291 3746 ...ῳ-,τ-
296 3735 394 3748 ..Μ--..4

279 3820 312 3906 l)
338 3829 373 3888 cf.
406 3832 493 3901 prust.
525 3826 563 3881 Io.
601 3816 761 3884 Alexandr.
800 3819 850 3891 36,
882 3815 932 3878 12.
989 3817 1116 3892 Apellen.
1143 3817 1214 3892 περὶ

191 3927 277 3976 συντ.
298 3912 328 3968 iu
349 3913 428 3970 Bekk
459 3912 553 3971 anecd.
576 3906 649 3979 588,
674 3915 725 3973 26.
