2722 4612
581 382 767 444 ..4.-

260 566 323 633 Sed
358 568 419 632 iarn
452 569 676 634 accedentibus
711 569 800 635 nobis
836 568 874 632 ad
900 568 1037 653 priorem
1062 576 1187 632 nostrae

171 671 402 736 dissertationis
435 684 557 756 partem
594 694 695 756 pauca
725 673 902 736 deltarum
925 693 1040 737 vocum
1064 672 1186 756 origine

173 774 325 838 ridentur
347 776 587 858 praemonenda.
632 773 743 857 Neque
762 775 844 839 enirn
869 774 1004 838 dubium
1029 786 1085 853 est,
1108 777 1187 858 quin

170 879 210 940 ad
235 899 334 940 unam
354 899 464 942 omncs
487 900 540 940 eae
563 877 607 941 ita
630 888 720 941 natae
743 877 817 953 sint,
847 890 882 941 ut
904 879 1002 942 animi
1025 878 1185 960 quendam

172 979 322 1043 allectum
357 1003 419 1043 non
454 981 547 1043 certis
584 980 689 1043 verbis
712 981 975 1059 demonstrarent,
1020 981 1074 1044 sed
1110 1001 1186 1044 voce

171 1084 285 1148 emissa
326 1106 383 1168 pro
406 1095 548 1167 ternpore
577 1097 608 1148 et
633 1087 719 1147 rein
745 1087 930 1148 universum
955 1093 1081 1148 tanturn
1105 1084 1188 1146 indi·

170 1199 279 1252 carent
301 1192 351 1250 vel
373 1188 465 1270 quasi
490 1188 707 1271 depingerent.
768 1186 882 1250 Postea
907 1209 991 1262 vero,
1022 1207 1094 1248 oum
1120 1209 1186 1251 sae·

170 1291 243 1375 pius
280 1303 511 1374 usurparentur
544 1291 582 1352 ad
618 1291 754 1354 eundern
789 1291 886 1352 animi
920 1301 1041 1353 motum
1065 1287 1187 1374 signifi·

171 1395 320 1461 cundum,
350 1391 415 1455 iiari
453 1413 514 1454 non
551 1393 666 1477 potuit,
699 1393 776 1475 quin
801 1398 857 1456 hae
881 1397 1011 1457 voculae
1034 1391 1073 1455 ab
1096 1390 1186 1454 initio

171 1495 504 1580 onomatopoeaeaeu,
527 1509 563 1559 ut
584 1496 791 1573 itadicanrus,
814 1498 945 1560 certiore
957 1496 1084 1561 notione
1097 1515 1187 1580 prae·
1263 1511 1266 1515 ’

171 1602 255 1664 ditae
277 1613 473 1664 constantem
497 1601 556 1664 sibi
579 1602 715 1684 speciem
739 1611 944 1673 assumerent,
988 1600 1067 1683 quin
1091 1599 1185 1664 etiarn

173 1721 208 1769 ut
240 1717 342 1769 cetera
374 1704 470 1767 verba
493 1704 739 1767 constructionis
776 1705 947 1789 cuiusdam
967 1705 1086 1767 normis
1110 1701 1187 1766 sub·

168 1809 391 1894 jungerentur.
444 1811 595 1872 Attamen
621 1830 682 1871 non
706 1830 815 1872 omnes
838 1808 870 1871 in
894 1809 1031 1872 eundern
1055 1807 1186 1870 modurn

171 1918 251 1974 hanc
274 1913 554 1975 commutationem
588 1932 756 1996 perpessae
778 1923 864 1987 sunt,
887 1912 940 1974 sed
966 1910 1186 1975 inveniuntur·

172 2013 352 2098 nonnullae,
381 2035 463 2096 quae
487 2014 550 2077 vim
575 2025 671 2098 atque
694 2025 839 2078 naturam
864 2013 948 2076 illam
962 2017 1187 2096 onomatopoei-

171 2117 264 2180 ticam
292 2117 556 2180 conservaverint.
602 2116 698 2198 Quod
735 2116 876 2201 primurn
900 2127 987 2200 patet
1021 2137 1058 2179 ea
1080 2138 1119 2180 ex
1143 2136 1186 2192 re,

172 2221 257 2302 quod
293 2219 462 2304 pleraeque
496 2221 625 2303 quidem
661 2242 719 2304 pro
754 2221 784 2283 vi
825 2233 921 2303 atque
956 2218 1186 2304 significatione

169 2337 263 2388 aucta
281 2324 409 2407 saepius
432 2325 573 2408 repetitis
597 2324 746 2386 extremis
770 2322 901 2407 syllabis
923 2321 1186 2405 amplioreindu·

172 2439 272 2491 untur
296 2427 410 2510 specie,
433 2448 527 2510 porro
551 2448 634 2502 verri,
669 2426 756 2509 quod
781 2448 941 2510 nusquam
965 2437 1001 2490 ut
1023 2447 1040 2486 e
1074 2424 1186 2488 esteris

172 2529 363 2593 vocabulum
387 2529 474 2592 aliud
498 2530 604 2592 exeis
627 2530 752 2614 pendet.
804 2529 969 2594 Pertinent
991 2541 1098 2593 autem
1123 2529 1187 2591 huc

170 2634 311 2719 primurn
326 2646 429 2699 παπαῖ
451 2631 741 2720 (danaaaaatetc.)
760 2632 899 2708 ἀτταταῖ,
923 2632 1040 2706 ὀτοτοῖ,
1064 2632 1185 2715 dequi-

173 2739 236 2803 bus
261 2738 410 2822 deinceps
435 2759 520 2800 nunc
543 2739 636 2800 nobis
660 2737 818 2817 agendum
842 2750 897 2803 est.

651 2928 678 2998 l.

604 3047 746 3096 auara

276 3152 325 3215 Ac
349 3148 488 3236 primunr
513 3150 654 3231 quidem,
685 3172 759 3214 cum
792 3149 831 3213 de
861 3166 965 3217 auara
997 3149 1110 3212 vocula
1143 3150 1184 3213 sit

169 3254 324 3336 quaestio,
370 3253 555 3317 statuendae
589 3268 664 3319 sunt
697 3259 754 3318 hae
787 3253 957 3319 formulae:
1003 3255 1028 3314 l.
1072 3269 1182 3318 aeaut.

168 3364 361 3424 decanatu.
388 3360 416 3423 3.
425 3358 624 3425 darraaaaut.
647 3360 676 3421 4.
692 3372 985 3424 παππαπαππαπαῖ.
1007 3361 1035 3421 5.
1059 3383 1184 3424 παπαπ-

166 3477 506 3539 παπαππαπαππαπαῖ,
529 3483 545 3525 e
566 3462 685 3546 quibus
706 3494 712 3501 ·

277 3566 315 3641 1.,
339 3564 382 3642 id,
419 3565 505 3648 quod
542 3550 589 3629 cst
625 3582 724 3633 aurat
755 3565 1061 3649 onomatopoiitioarn
1096 3564 1182 3628 illarn

167 3669 232 3733 virn
255 3669 317 3733 iarn
355 3668 495 3751 aliquam
530 3670 561 3732 in
586 3676 708 3754 partem
742 3668 868 3732 videtur
892 3671 1042 3734 amisisse.
1085 3667 1183 3732 Extat

167 3897 327 3907 ———--....-..·..
335 3898 370 3904 ....

254 3965 287 4040 l)
310 3970 352 4024 vol
375 3966 505 4023 similitor
526 3976 678 4041 usurpatae,
701 3969 749 4024 sed
771 3967 852 4024 liceat
873 3964 951 4022 nobis
975 3968 1025 4023 hac
1047 3985 1111 4023 roee
1134 3967 1183 4036 uti,

164 4071 326 4130 quamquam
348 4073 408 4110 eam
431 4073 486 4110 non
516 4072 629 4126 prorsus
653 4055 681 4108 in
703 4073 761 4109 rem
785 4054 918 4125 quadrare
941 4071 995 4107 non
1017 4053 1184 4128 ignoramus.
